2476 3870
156 162 195 236 36
435 159 503 217 DE
528 159 678 218 BELLO
709 157 757 216 CI
760 157 853 216 VILI

156 324 245 389 atque
277 314 456 388 Octogesam
488 310 683 389 pertinebant,
712 310 813 369 castris
840 311 968 369 hostiurn
983 296 987 304 ¹
1001 309 1150 386 oppositis

125 411 339 479 atenebantur.
383 407 446 484 Ipsi
478 421 561 466 erant
593 408 847 466 transcendendae
877 408 967 466 valles
1000 406 1149 466 maximae

156 525 192 565 ac
215 506 410 576 difficillimae,
434 524 504 564 saxa
528 505 627 564 multis
650 504 723 564 locis
748 518 905 581 praerupta
928 504 982 564 iter
1005 504 1150 579 impedie-

155 605 237 676 bant,
252 616 284 662 ut
303 623 383 662 arma
402 622 456 678 per
474 622 577 661 manus
596 603 762 661 necessario
783 603 965 662 traderentur
978 602 1150 678 militesque

156 699 283 759 inermes
304 699 507 775 sublevatique
528 697 577 757 alii
598 701 636 757 ab
657 700 721 757 aliis
743 719 879 775 magnam
901 709 1013 775 partem
1035 699 1150 758 itineris

124 814 141 870 3
156 796 341 853 conficerent.
378 795 437 852 Sed
451 795 530 851 hunc
544 795 675 852 laborem
692 795 846 852 recusabat
865 813 962 864 nemo,
978 794 1057 869 quod
1077 813 1149 851 eum

156 889 287 949 omnium
302 891 437 948 laborum
451 891 539 948 finem
554 891 614 948 sore
630 889 843 962 existimabant,
859 891 883 950 si
898 893 1012 950 hostem
1030 891 1150 950 Hibero

155 985 350 1044 intercludere
365 997 395 1044 et
408 987 555 1044 frumento
569 986 724 1062 prohibere
740 987 912 1063 potuissent.

127 1105 138 1143 r
218 1085 328 1142 LXIX.
371 1087 416 1142 Ac
432 1083 529 1160 primo
547 1085 697 1142 Afraniani
717 1084 823 1145 milites
842 1084 956 1144 visendi
975 1104 1063 1143 causa
1076 1085 1150 1145 laeti

156 1199 192 1238 ex
209 1179 309 1238 castris
328 1181 538 1254 procurrebant
554 1181 835 1257 contumeliosisque
850 1181 972 1240 vocibus
985 1199 1149 1256 proseque-

155 1277 280 1335 bantur:
308 1275 464 1335 necessarii
488 1279 581 1335 victus
606 1278 706 1352 inopia
727 1287 847 1336 coactos
867 1279 966 1354 fugere
989 1288 1079 1352 atque
1107 1279 1150 1337 ad

156 1375 284 1432 Ilerdam
311 1373 423 1432 reverti.
482 1377 551 1432 Erat
576 1375 655 1433 enim
680 1375 735 1434 iter
761 1395 779 1434 a
806 1376 960 1452 proposito
987 1375 1148 1450 diversum,

125 1491 140 1528 2
155 1470 391 1544 contrariamque
409 1469 439 1527 in
459 1483 571 1547 partem
591 1470 624 1529 iri
639 1470 800 1532 videbatur.
845 1475 946 1531 Duces
960 1491 1029 1532 vero
1043 1491 1149 1532 eorum

155 1568 308 1628 consilium
338 1589 422 1627 suum
451 1569 587 1628 laudibus
614 1571 755 1643 serebant,
778 1572 859 1646 quod
884 1589 916 1629 se
940 1569 1040 1628 castris
1064 1582 1151 1631 tenu-

156 1665 263 1740 issent;
285 1667 471 1741 multumque
491 1685 593 1725 eorum
613 1666 784 1743 opinionem
802 1668 969 1738 adiuvabat,
985 1667 1067 1742 quod
1081 1667 1149 1728 sine

155 1762 294 1822 iumentis
321 1761 599 1840 impedimentisque
627 1766 664 1823 ad
692 1763 747 1824 iter
770 1765 918 1841 profectos
941 1765 1090 1838 videbant,
1115 1779 1149 1827 ut

124 1881 140 1937 3
156 1879 217 1919 non
236 1879 324 1935 posse
343 1859 475 1937 inopiam
495 1861 604 1920 diutius
619 1861 762 1921 sustinere
777 1863 967 1921 confiderent.
1010 1863 1077 1935 Sed,
1094 1864 1148 1924 ubi

155 1957 296 2033 paulatim
307 1957 467 2032 retorqueri
478 1977 584 2034 agmen
596 1960 634 2018 ad
649 1960 780 2018 dextram
795 1970 1012 2034 conspexerunt
1026 1959 1149 2036 iamque

155 2053 264 2130 primos
284 2073 419 2129 superare
438 2056 589 2130 regionem
608 2068 770 2114 castrorum
792 2055 924 2115 animum
946 2057 1147 2130 adverterunt,

155 2167 243 2208 nemo
271 2161 333 2207 erat
360 2151 436 2208 adeo
464 2151 563 2208 tardus
591 2164 640 2209 aut
668 2151 781 2226 fugiens
806 2151 922 2223 laboris,
945 2151 1017 2227 quin
1043 2153 1148 2214 statim

122 2244 256 2317 4castris
283 2247 449 2304 exeundum
481 2257 569 2321 atque
600 2249 814 2306 occurrendum
847 2258 970 2323 putaret.
1020 2249 1150 2308 Concla-

154 2351 250 2400 matur
263 2341 301 2398 ad
314 2359 403 2413 arma,
418 2353 507 2417 atque
522 2361 626 2401 omnes
640 2341 744 2419 copiae
760 2342 862 2418 paucis
876 2343 1022 2418 praesidio
1035 2343 1149 2407 relictis

56 2518 58 2520 Ι
131 2491 132 2495 ,
154 2438 325 2497 cohortibus
340 2449 448 2498 exeunt
461 2452 601 2514 rectoque
615 2441 654 2499 ad
671 2440 818 2500 Hiberum
833 2439 934 2500 itinere
948 2442 1145 2503 contendunt

126 2553 138 2592 r
215 2535 308 2591 LXX.
352 2536 422 2592 Erat
442 2533 472 2592 in
491 2535 640 2594 celeritate
659 2555 748 2595 omne
767 2533 896 2611 positum
916 2549 1074 2606 certamen,
1088 2537 1148 2597 utri

154 2627 233 2704 prius
252 2628 401 2704 angustias
419 2643 595 2708 montesque
612 2643 790 2709 occuparent
799 2652 807 2704 ;
829 2633 882 2690 sed
897 2631 1056 2691 exercitum
1072 2633 1138 2696 Cae

155 2725 226 2784 saris
240 2725 351 2784 viarum
367 2727 553 2787 difficultates
573 2729 738 2799 tardabant,
755 2728 867 2787 Afranii
881 2728 982 2804 copias
996 2728 1148 2804 equitatus

120 2823 289 2885 a‘Caesaris
311 2823 469 2900 insequens
490 2830 669 2886 morabatur.
712 2829 774 2886 Res
795 2839 895 2887 tamen
920 2829 957 2887 ab
978 2827 1148 2891 Afranianis

153 2921 213 2979 huc
237 2933 297 2980 erat
322 2921 486 2982 necessario
509 2923 647 2994 deducta,
670 2934 710 2995 ut,
732 2922 757 2980 si
782 2924 892 2998 priores
918 2935 1042 2994 montes,
1068 2944 1148 3000 quos

154 3019 305 3094 petebant,
327 3017 498 3094 attigissent,
518 3017 575 3094 ipsi
595 3019 757 3094 periculum
777 3019 910 3090 vitarent,
931 3019 1148 3096 impedimenta

155 3111 246 3171 totius
264 3111 408 3171 exercitus
427 3116 623 3189 cohortesque
642 3113 671 3172 in
692 3114 794 3173 castris
812 3115 928 3174 relictas
947 3135 1062 3176 servare
1083 3137 1148 3179 non

155 3219 277 3283 possent
286 3227 295 3280 3
316 3208 423 3284 quibus
443 3209 608 3268 interclusis
627 3210 756 3270 exercitu
771 3210 905 3270 Caesaris
923 3211 1064 3272 auxilium
1077 3215 1148 3276 ferri

123 3324 139 3378 3
155 3305 236 3363 nulla
254 3302 368 3362 ratione
387 3315 511 3380 poterat.
555 3307 690 3366 Consecit
707 3305 785 3381 prior
803 3309 858 3366 iter
872 3309 982 3368 Caesar
1000 3319 1091 3386 atque
1109 3331 1148 3372 ex

155 3401 269 3476 magnis
296 3401 417 3476 rupibus
446 3414 550 3461 nactus
577 3403 730 3478 planitiem
758 3403 787 3463 in
817 3407 873 3463 hac
896 3419 1000 3465 contra
1026 3407 1146 3470 hostem
