2476 3870
301 196 442 256 erar.
491 196 580 261 care
610 195 895 256 XXXlr-rrrr.
1060 215 1097 275 23

102 349 267 410 necessaria
282 370 314 411 re
332 362 454 411 coactus
472 351 572 410 locum
592 348 673 427 capit
691 350 872 427 superiorem
892 351 1098 431 diversamque

103 445 198 506 aciem
212 446 243 507 in
257 448 331 508 duas
351 458 450 525 partes
463 447 625 520 constituit,
641 467 680 508 ne
693 450 732 508 ab
748 447 880 524 equitatu
894 447 1097 510 circumveniri
1153 519 1156 527 Δ

103 554 209 619 posset
254 547 302 604 Ita
329 563 504 622 congressus
532 541 636 620 impari
666 563 789 605 numero
817 563 942 622 magnos
969 545 1129 622 impetusfi

103 640 252 716 legionum
279 641 489 717 equitatusque
513 640 647 701 sustinet.
691 640 861 703 Commisso
885 643 924 701 ab
948 642 1129 720 equitibus7

103 736 216 814 proelio
229 737 312 816 signa
325 737 476 815 legionum
497 739 622 798 duarum
636 739 740 815 procul
754 740 792 798 ab
807 737 938 815 utrisque
952 739 1096 816 conspici-

102 846 200 907 untur,
227 855 300 912 quas
329 838 362 897 C.
394 835 503 896 Fabius
531 837 668 896 ulteriore
701 847 794 913 ponte
821 836 957 897 subsidio
989 839 1096 899 nostris

103 931 221 991 miserat
248 931 420 1010 suspicatus,
450 934 513 993 lore
540 931 579 1006 id,
610 935 692 1010 quod
720 932 837 1006 accidit,
866 944 898 993 ut
926 935 1019 995 duces
1045 937 1097 996 ad-

102 1028 294 1090 versariorum
322 1029 481 1090 occasione
509 1039 539 1089 et
566 1030 712 1091 beneficio
746 1032 881 1090 fortunae
913 1032 953 1091 ad
980 1042 1096 1092 nostros

102 1125 314 1204 opprimendos
342 1137 498 1187 uterentur.
543 1128 675 1202 Quarum
703 1129 832 1188 adventu
856 1127 1003 1204 proelium
1030 1128 1097 1190 diri·

103 1222 190 1282 mitur
204 1242 239 1282 ac
252 1242 320 1282 suas
334 1233 457 1300 uterque
472 1223 603 1301 legiones
617 1224 731 1284 reducit
746 1224 777 1284 in
791 1227 902 1285 castra

163 1322 244 1380 XLI.
286 1323 333 1380 Eo
347 1321 439 1381 biduo
454 1323 564 1383 Caesar
578 1341 646 1382 cum
661 1321 809 1398 equitibus
827 1338 934 1394 eecce,
950 1342 1025 1399 quos
1039 1322 1096 1384 sibi
1112 1342 1126 1386 1

101 1416 249 1495 praesidio
269 1417 433 1494 reliquerat,
456 1418 487 1478 in
512 1431 607 1478 castra
631 1420 773 1497 pervenit.
817 1422 904 1492 Pons,
927 1421 979 1497 qui
1002 1423 1097 1482 fuerat

102 1525 276 1591 tempestate
305 1515 493 1593 interruptus
518 1536 613 1593 paene
638 1528 700 1577 erat
727 1519 871 1578 refectus:
898 1519 978 1578 hunc
1005 1530 1095 1580 noctu

101 1611 204 1688 perfici
217 1610 308 1695 iussit.
353 1614 424 1691 lpse
438 1613 559 1690 cognita
573 1616 706 1674 locorum
720 1626 825 1675 natura
838 1615 923 1693 ponti
937 1615 1095 1692 castrisque
1111 1637 1127 1678 a

101 1707 248 1794 praesidio
265 1730 316 1770 sex
334 1712 471 1772 cohortes
487 1711 604 1788 reliquit
618 1723 708 1790 atque
724 1713 824 1773 omnia
839 1713 1052 1792 impedimenta
1066 1725 1096 1775 et

102 1816 225 1884 postero.
240 1805 288 1866 die
310 1806 448 1868 omnibus
468 1808 570 1885 copiis,
581 1808 694 1886 ⁸triplici
715 1810 857 1870 instructa
876 1810 948 1883 acie,
966 1812 1006 1869 ad
1028 1811 1097 1871 Iler·

102 1904 170 1964 dam
199 1901 392 1980 proficiscitur
418 1915 448 1964 et
475 1906 530 1966 sub
557 1906 658 1966 castris
687 1905 800 1966 Afranii
828 1906 961 1967 constitit
993 1917 1023 1966 et
1053 1905 1095 1967 ibi

101 1999 250 2077 paulisper
277 2001 332 2061 sub
359 2002 447 2061 armis
475 2014 605 2063 moratus
633 2003 703 2063 facit
730 2023 827 2079 aequo
851 2006 918 2064 loco
943 2002 1096 2081 pugnandi

101 2109 287 2176 potestatem.
331 2102 482 2160 Potestate
504 2102 582 2160 facta
604 2101 743 2162 Afranius
765 2100 866 2178 copias
889 2100 990 2162 educit
1011 2113 1040 2161 et
1063 2101 1095 2161 in

101 2194 202 2256 medio
223 2196 300 2256 colle
324 2196 379 2256 sub
404 2197 506 2256 castris
531 2196 691 2257 constituit.
736 2199 846 2258 Caesar
869 2196 920 2258 nbi
944 2199 1126 2277 cognovit‚3

101 2312 154 2370 per
181 2293 335 2352 Afranium
363 2304 449 2367 stare,
478 2315 539 2371 quo
567 2297 665 2354 minus
693 2294 807 2372 proelio
835 2294 1031 2368 dimicaretur,
1056 2296 1095 2356 ab

101 2389 210 2450 infimis
230 2389 376 2450 radicibus
397 2390 506 2451 montis
529 2390 701 2452 intermissis
725 2391 840 2452 circiter
863 2390 998 2468 passibus
1019 2409 1095 2452 cccc

101 2497 198 2548 castra
224 2489 320 2546 lacere
347 2486 499 2548 constituit
527 2498 564 2559 et,
587 2507 626 2548 ne
650 2487 795 2565 inopere
822 2489 962 2548 faciundo
987 2488 1128 2560 milites4

101 2584 256 2661 repentino
277 2582 407 2643 hostium
428 2583 546 2643 incursu
568 2594 782 2643 exterrerentur
806 2595 897 2660 atque
921 2603 1010 2660 opere
1030 2603 1095 2660 pro

101 2681 279 2751 biberentur,
301 2681 378 2740 vallo
406 2679 513 2739 muniri
540 2679 642 2752 vetuit,
668 2682 749 2757 quod
777 2680 907 2741 eminere
935 2693 964 2740 et
991 2682 1094 2757 procul

102 2776 193 2837 videri
214 2796 335 2837 necesse
352 2788 422 2850 erat,
444 2777 497 2836 sed
516 2797 535 2836 a
552 2779 650 2838 fronte
667 2788 770 2837 contra
788 2777 904 2836 hostem
922 2777 1032 2852 pedum
1051 2794 1094 2835 xv

102 2878 211 2936 fossam
230 2875 291 2933 fieri
311 2873 400 2934 iussit.
445 2874 543 2933 Prima
560 2885 591 2934 et
609 2875 741 2934 secunda
759 2872 838 2933 acies
852 2873 883 2933 in
897 2873 993 2943 armis
1009 2884 1040 2933 ut
1054 2874 1093 2932 ab

102 2970 187 3032 initio
198 2971 360 3030 constituta
373 2981 444 3043 erat,
459 2973 651 3058 permanebat
659 2991 668 3045 3
689 2981 757 3048 post
771 2971 826 3028 hos
840 2988 917 3046 opus
930 2967 961 3026 in
975 2971 1093 3027 occulto

102 3089 120 3129 a
147 3085 183 3128 111
211 3066 275 3127 acie
302 3069 400 3130 fiebat.
443 3068 491 3128 Sic
515 3087 605 3128 omne
629 3066 707 3144 prius
736 3077 780 3126 est
804 3067 974 3144 perfectum,
1004 3082 1124 3143 quam5

102 3162 318 3240 intellegeretur
354 3165 393 3223 ab
420 3163 542 3224 Afranio
569 3174 664 3222 castra
692 3161 806 3223 muniri.
849 3162 911 3222 Sub
939 3163 1125 3237 vesperumfi

102 3262 212 3322 Caesar
239 3259 314 3318 intra
338 3261 415 3320 hanc
437 3262 545 3324 fossam
570 3259 701 3336 legiones
725 3257 839 3321 reducit
860 3268 950 3331 atque
974 3255 1016 3317 ibi
1035 3258 1092 3315 sub

101 3352 190 3414 armis
204 3350 337 3429 proxima
350 3364 440 3413 nocte
454 3352 648 3429 conquiescit.

164 3449 260 3507 XLIl.
306 3450 428 3508 Postero
460 3448 509 3508 die
540 3467 661 3513 omnem
688 3448 848 3517 exercitum
876 3447 953 3513 intra
983 3447 1135 3507 fossam

1166 2999 1230 3031 ,s
