2476 3870
312 189 398 246 LIB.
428 189 454 246 J.
502 187 592 246 CAP.
622 189 713 246 LXX
720 188 927 246 tls-LXXX.
1076 207 1112 260 41

122 345 233 404 Caesar
249 340 381 418 equitatu
402 340 573 416 praemisso,
588 339 640 417 qui
657 339 849 400 novissimum
864 361 969 418 agmen
984 354 1115 419 carperet
1130 362 1146 420 5

121 449 211 514 atque
228 438 393 514 impediret,
408 436 472 513 ipse
490 456 558 496 cum
572 435 736 512 legionibus
751 437 947 513 subsequitur.
989 441 1111 500 Nullum

122 534 325 596 intercedebat
346 545 473 611 tempuS,
488 533 561 610 quin
582 533 705 594 extremi
729 555 797 594 cum
823 535 970 611 equitibus
994 535 1115 612 proelia·

121 643 229 690 rentur.

183 731 324 788 LXXIX.
368 731 470 788 Genus
484 738 546 787 erat
560 729 619 786 hoc
632 746 756 804 pugnae.
800 728 964 805 Expeditae
979 731 1114 789 cohortes
1132 750 1143 788 1

123 824 316 885 novissimum
338 845 444 901 agmen
466 825 643 884 claudebant
664 827 821 901 pluresque
842 825 872 883 in
893 826 966 885 locis
986 846 1114 902 campes-

122 921 213 980 tribus
230 922 436 982 subsistebant.
479 921 509 982 Si
531 941 617 981 mons
638 933 698 981 erat
717 924 932 995 ascendendus,
947 924 1032 983 facile
1051 923 1144 999 ipsaa

122 1016 180 1076 loci
195 1029 298 1077 natura
311 1017 473 1094 periculum
487 1019 658 1094 repellebat,
673 1020 755 1095 quod
770 1039 806 1078 ex
819 1018 893 1079 locis
907 1019 1112 1096 superioribus

122 1111 173 1187 qui
187 1124 414 1186 antecesserant,
427 1133 496 1173 suos
510 1115 706 1174 ascendentes
720 1116 915 1191 protegebant
920 1135 929 1188 ;
949 1135 1017 1175 cum
1032 1118 1114 1176 vallis
1128 1135 1145 1192 3

121 1221 173 1270 aut
187 1212 269 1270 locus
284 1211 404 1271 declivis
418 1212 536 1271 suberat
548 1231 645 1288 neque
655 1211 690 1283 ei,
702 1211 754 1287 qui
765 1223 990 1282 antecesserant,
1001 1232 1114 1272 moran-

122 1307 200 1367 tibus
219 1327 308 1384 opem
326 1309 399 1369 ferre
413 1319 557 1386 poterant,
573 1308 687 1384 equites
706 1328 775 1369 vero
789 1329 826 1368 ex
841 1311 907 1368 loco
922 1309 1114 1386 superiorein

121 1422 239 1463 aversos
259 1406 318 1463 tela
338 1404 533 1477 coniciebant,
555 1415 618 1463 tum
640 1423 749 1481 magno
770 1404 882 1464 eratin
905 1405 1038 1482 periculo
1058 1425 1112 1467 res

123 1501 365 1578 Relinquebatur,
387 1513 429 1577 ut,
456 1522 526 1561 cum
553 1501 616 1562 eius
644 1501 727 1562 modi
753 1501 826 1562 locis
854 1515 930 1563 esset
956 1503 1147 1580 appropin-4

121 1610 252 1674 quatum,
288 1598 437 1675 legionum
471 1599 554 1675 signa
587 1601 748 1660 consistere
781 1599 915 1660 iuberent
948 1620 1114 1678 magnoque

121 1693 233 1771 impetu
254 1697 418 1772 equitatum
440 1699 622 1772 repellerent,
638 1716 675 1757 eo
692 1708 841 1756 summoto
858 1708 981 1773 repente
994 1681 1114 1757 'incitati

121 1814 207 1854 cursu
232 1814 295 1854 sese
319 1794 350 1854 in
378 1795 461 1854 vallis
487 1794 615 1855 universi
639 1795 829 1868 dimitterent,
851 1805 941 1872 atque
961 1794 1003 1854 ita
1026 1807 1115 1854 trans

120 1889 211 1967 gressi
224 1910 320 1950 rursus
335 1889 366 1950 in
380 1890 453 1950 locis
468 1890 667 1967 superioribus
681 1891 882 1951 consisterent.
907 1894 985 1950 Nam
1000 1902 1114 1951 tantum
1128 1908 1145 1969 5

121 1989 160 2048 ab
187 1986 316 2065 equitum
346 2008 466 2047 suorum
498 1986 613 2048 auxiliis
644 1988 774 2059 aberant,
803 2008 927 2064 quorum
960 2007 1114 2048 numerum

121 2085 272 2145 habebant
293 2105 442 2161 magnum,
459 2095 491 2144 ut
512 2104 563 2145 eos
585 2083 784 2161 superioribus
804 2084 973 2160 perterritos
994 2083 1113 2160 proeliis

121 2179 152 2239 in
173 2181 303 2241 medium
324 2181 486 2258 reciperent
505 2201 612 2258 agmen
629 2183 764 2256 ultroque
784 2199 835 2240 eos
856 2191 1007 2240 tuerentur
1014 2203 1023 2256 3
1043 2199 1115 2257 quo

121 2297 185 2336 rum
213 2277 288 2337 nulli
315 2297 351 2338 ex
378 2278 481 2339 itinere
509 2279 652 2339 excedere
680 2279 796 2351 licebat,
820 2277 892 2356 quin
916 2279 953 2338 ab
982 2279 1114 2355 equitatu

121 2373 254 2435 Caesaris
269 2372 459 2450 exciperetur.

182 2471 303 2528 LXXX.
346 2468 413 2529 Tali
437 2470 508 2530 dum
533 2481 680 2547 pugnatur
704 2472 804 2544 modo,
826 2472 906 2530 lente
930 2482 1019 2547 atque
1042 2490 1142 2547 pau-1

120 2566 202 2626 latim
221 2566 389 2642 proceditur
407 2569 576 2643 crebroque,
593 2578 626 2626 ut
645 2565 703 2627 sint
724 2567 832 2628 auxilio
851 2567 918 2640 suis,
934 2567 1113 2641 subsistunt;

120 2671 152 2720 ut
173 2673 235 2721 tum
255 2660 369 2720 accidit
415 2662 499 2721 Milia
519 2661 598 2722 enim
623 2663 769 2740 progressi
794 2681 827 2723 rv
849 2663 1143 2739 vehementiusquea

120 2757 272 2834 peragitati
286 2761 324 2817 ab
339 2758 471 2834 equitatu
485 2770 618 2818 montem
632 2761 782 2818 excelsum
796 2757 916 2834 capiunt
936 2758 1036 2835 ibique
1053 2777 1113 2818 una

120 2855 215 2913 fronte
233 2864 336 2914 contra
352 2855 469 2915 hostem
491 2867 586 2914 castra
605 2853 741 2914 muniunt
758 2873 854 2929 neque
870 2855 1008 2914 iumentis
1022 2874 1112 2914 onera

120 2953 282 3028 deponunt.
326 2952 389 3013 Ubi
408 2953 542 3014 Caesaris
562 2964 657 3012 castra
671 2953 768 3030 posita
782 2954 1029 3028 tabernaculaque
1043 2973 1111 3012 con·
1125 2972 1142 3028 3

120 3048 221 3108 stituta
240 3061 269 3109 et
287 3048 426 3109 dimissos
445 3051 559 3127 equites
577 3049 738 3126 pabulandi
756 3069 845 3109 causa
863 3049 995 3108 animum
1009 3049 1110 3108 adver-

119 3155 225 3217 terunt,
246 3165 310 3204 sese
334 3146 432 3206 subito
456 3145 620 3223 proripiunt
643 3147 715 3206 hora
739 3145 853 3205 circiter
876 3157 957 3205 sexta
978 3145 1110 3206 eiusdem

120 3239 179 3300 diei
200 3250 230 3300 et
250 3261 333 3318 spem
355 3229 441 3300 nacti¹
456 3261 556 3302 morae
573 3241 704 3302 discessu
723 3252 889 3302 nostrorum
910 3240 1042 3317 equitum
1057 3241 1111 3301 iter

118 3338 215 3396 lacere
234 3336 386 3413 incipiunt.
430 3339 499 3413 Qua
518 3358 550 3398 re
570 3337 702 3398 animum
723 3338 846 3397 adversa
865 3339 976 3399 Caesar
995 3335 1142 3409 refectis4

119 3432 284 3509 legionibus
305 3435 498 3510 subsequitur,
520 3434 667 3510 praesidio
691 3434 908 3510 impedimentis
930 3453 1039 3509 paucas
1062 3453 1110 3491 co
