2476 3870
322 191 459 250 arar.
507 191 598 249 cna
636 189 792 246 V-VJJJ.
1036 202 1054 264 5

121 345 193 403 Vll.
236 344 353 418 Quibus
374 347 461 403 rebus
481 342 607 421 cognitis
629 344 739 403 Caesar
759 344 840 418 apud
861 341 969 401 milites
987 359 1086 402 con-1

60 440 195 501 tionatnr.
238 441 381 502 Omnium
409 452 576 517 temporum
604 440 724 500 iniurias
751 441 937 498 inimicomm
964 439 995 499 in
1022 459 1055 500 se

59 550 271 598 commemorat
276 563 284 614 ;
305 538 440 615 aquibus
450 539 612 599 deductum
624 559 660 598 ac
673 540 865 614 depravatum
877 537 1053 613 Pompeium

59 635 189 712 queritur
219 635 331 695 invidia
363 649 453 713 atque
486 635 701 697 obtrectatione
733 636 829 695 laudis
862 656 941 707 suae,
970 635 1054 694 cuius

59 734 122 810 ipse
150 734 256 794 honori
280 746 309 794 et
333 733 468 812 dignitati
492 754 608 810 semper
631 734 735 793 faverit
759 733 935 809 adiutorque
958 732 1052 793 suerit.

60 833 180 890 Novum
203 832 233 891 in
254 852 285 892 re
306 832 426 910 publica
446 831 648 891 introductum
670 833 837 908 exemplum
860 831 999 908 queritur,
1021 841 1084 890 uta

59 931 213 991 tribunicia
236 931 407 991 intercessio
431 931 519 990 armis
543 941 692 990 notaretur
715 942 805 1006 atque
830 929 1051 1006 opprimeretur,

58 1048 135 1104 quae
167 1027 365 1104 superioribus
392 1027 478 1087 annis
510 1038 588 1087 esset
615 1027 755 1087 restituta
804 1029 914 1088 Sullam
943 1028 1085 1103 nudata3

58 1125 196 1186 omnibus
219 1126 307 1186 rebus
332 1125 487 1185 tribunicia
511 1136 658 1202 potestate
684 1138 781 1185 tamen
810 1125 1051 1185 intercessionem

58 1223 181 1283 liberam
208 1222 379 1300 reliquisse;
403 1222 589 1300 Pompeium,
615 1222 666 1300 qni
690 1222 798 1282 amissa
824 1221 985 1282 restituisse
1010 1221 1086 1295 vi-4

58 1322 162 1381 deatur
181 1323 271 1393 dona,
287 1321 384 1394 etiam,
404 1341 480 1397 quae
500 1332 568 1381 ante
588 1321 753 1395 habuerint,
772 1321 926 1381 ademisse.
970 1322 1051 1397 Quo
1068 1336 1084 1397 5

58 1419 262 1496 tienscumque
284 1418 320 1477 sit
343 1420 502 1491 decretum,
525 1421 630 1479 darent
651 1438 773 1495 operam
798 1418 993 1494 magistratus,
1014 1438 1053 1477 ne

57 1516 129 1593 quid
144 1537 189 1576 res
203 1516 324 1592 publica
337 1515 507 1576 detrimenti
520 1527 647 1593 caperet,
658 1536 717 1593 qua
728 1535 801 1575 voce
816 1527 845 1576 et
859 1510 919 1592 quo
933 1527 1052 1574 senatus

57 1615 194 1673 consulto
213 1615 341 1690 populus
363 1616 518 1673 Romanus
538 1615 577 1673 ad
596 1634 677 1673 arma
696 1613 732 1672 sit
750 1625 880 1684 vocatus,
895 1616 1006 1672 factum
1020 1612 1051 1672 in

56 1709 229 1788 perniciosis
251 1711 375 1788 legibuS,
397 1711 428 1770 in
452 1711 481 1771 vi
506 1712 671 1785 tribunicia,
694 1712 724 1770 in
746 1712 913 1772 secessione
938 1711 1050 1788 populi,

56 1807 176 1884 templis
196 1809 329 1884 locisque
353 1808 527 1869 editioribus
552 1808 722 1885 occupatis;
752 1820 841 1885 atque
866 1811 940 1868 haec
968 1828 1051 1884 supe·

57 1905 139 1965 rioris
157 1906 262 1965 aetatis
279 1908 416 1982 exempla
434 1906 553 1984 expiata
571 1907 720 1968 Saturnini
739 1918 828 1983 atque
849 1908 1051 1966 Gracchorum

56 2002 173 2063 casibus
192 2003 296 2077 docet3
317 2023 442 2079 quarum
462 2023 557 2064 rerum
577 2004 628 2064 illo
646 2015 778 2081 tempore
794 2004 865 2063 nihil
878 2008 998 2078 factum,
1013 2025 1051 2065 ne

57 2098 217 2175 cogitatum
239 2099 369 2176 quidem.
413 2101 565 2174 Hortatur,
587 2101 671 2161 cuius
696 2101 880 2178 imperatoris
902 2103 994 2162 ductu
1017 2103 1084 2162 1x6

56 2196 142 2256 annis
155 2217 217 2257 rem
232 2197 382 2274 publicam
397 2197 565 2258 felicissime
579 2199 722 2274 gesserint
736 2199 921 2275 plurimaque
940 2200 1051 2276 proelia

56 2296 186 2354 secunda
210 2295 341 2367 iecerint,
363 2314 484 2354 omnem
506 2295 634 2355 Galliam
656 2296 905 2373 Germaniamque
930 2317 1051 2373 pacave-

56 2390 121 2462 rint,
150 2401 184 2450 ut
215 2390 278 2450 eius
308 2391 555 2451 existimationem
583 2391 818 2469 dignitatemque
850 2397 889 2452 ab
922 2393 1049 2453 inimicis

56 2489 226 2547 defendant.
269 2490 467 2549 Conclamant
487 2489 610 2566 legionis
629 2508 698 2564 x111,
715 2511 791 2567 quae
810 2492 920 2564 aderat,
942 2491 1049 2551 milites
1065 2509 1080 2567 7

56 2585 148 2661 (hanc
168 2584 246 2643 enim
268 2583 352 2643 initio
373 2587 515 2645 tumultus
540 2600 712 2646 evocaverat
724 2608 732 2660 3
761 2587 890 2664 reliquae
915 2591 1049 2649 nondum

55 2683 278 2761 convenerant),
294 2702 358 2742 sese
377 2694 495 2759 paratos
512 2703 577 2744 csse
593 2683 776 2760 imperatoris
795 2685 839 2744 sni
854 2687 1051 2746 tribunorum·

56 2799 115 2856 que
129 2779 224 2855 plebis
238 2779 357 2840 iniurias
372 2782 540 2842 defendere.

113 2879 203 2937 VIII.
247 2878 375 2956 Cognita
399 2880 525 2939 militum
549 2881 703 2940 voluntate
727 2880 893 2939 Ariminum
921 2901 988 2939 cum
1015 2901 1080 2940 ear

55 2977 172 3053 legione
199 2975 390 3052 proficiscitur
417 2976 517 3054 ibique
545 2976 678 3038 tribunos
706 2977 809 3054 plebis,
836 2977 887 3052 qui
914 2980 954 3037 ad
980 2998 1049 3038 eum

54 3074 256 3148 confugerant,
271 3072 431 3147 convenit;
450 3074 578 3150 reliquas
597 3074 729 3152 legiones
750 3094 787 3134 ex
800 3074 930 3134 hibernis
945 3086 1049 3134 evocat

55 3181 84 3230 et
98 3168 238 3245 subsequi
262 3168 351 3231 iubet.
396 3173 441 3231 Eo
466 3173 500 3230 1„
523 3173 632 3232 Caesar
656 3173 831 3231 adulescens
855 3171 945 3244 venit,
966 3172 1080 3231 cuiusa

54 3279 139 3347 pater
157 3268 292 3331 Caesaris
311 3281 373 3330 erat
391 3271 512 3346 legatus.
557 3273 588 3330 Is
608 3269 722 3346 reliquo
743 3289 880 3329 sermone
901 3269 1047 3343 confecto,

53 3367 138 3426 cuius
152 3365 194 3426 rei
208 3385 297 3424 causa
310 3378 437 3438 venerat,
454 3368 563 3426 habere
575 3385 606 3425 se
620 3387 638 3424 a
653 3365 796 3442 Pompeio
810 3367 850 3426 ad
864 3386 930 3425 eum
946 3365 1049 3442 privati

53 3463 143 3525 officii
165 3464 305 3523 mandata
325 3465 526 3523 demonstrat:
568 3466 653 3523 Velle
676 3463 852 3541 Pompeium
873 3483 904 3523 se
930 3464 1096 3531 Caesada,
