2476 3870
358 895 399 970 c,
440 894 557 968 ruti
597 827 1057 1016 cnasnurs²⁸ssfjg34

257 1135 359 1227 Da
417 1135 664 1228 auito
720 1133 959 1229 CIVILI
1014 1059 1156 1329 ”sip

423 1385 566 1448 LIBER
598 1383 787 1446 PRIMUS.

165 1607 191 1667 1.
233 1607 382 1666 er'rarus
401 1625 419 1664 a
438 1605 514 1666 Gaio
530 1608 657 1666 Caesare
676 1608 847 1667 consulibus
865 1607 998 1681 redditis,
1014 1628 1099 1685 aegre
1117 1629 1129 1670 1

102 1705 143 1764 ab
153 1704 199 1763 his
209 1705 397 1780 impetratum
411 1712 456 1762 est
470 1721 585 1762 summa
596 1703 780 1764 tribunorum
791 1703 887 1780 plebis
898 1706 1098 1777 contentione,

102 1811 136 1860 ut
164 1799 194 1859 in
215 1811 320 1859 senatu
340 1798 549 1871 recitarentur;
576 1810 609 1857 ut
630 1819 700 1859 vero
721 1819 758 1859 ex
779 1801 881 1859 litteris
902 1802 941 1859 ad
965 1813 1098 1860 senatum

64 1936 67 1941 ,
102 1899 265 1967 referretur,
286 1895 435 1972 impetrari
455 1915 516 1954 non
538 1897 643 1972 potuit.
687 1899 831 1956 Referunt
852 1900 989 1957 consules
1010 1899 1048 1957 de
1069 1919 1131 1957 rea

102 1993 223 2073 publica
250 1991 294 2074 [in
321 1990 458 2073 civitate}
503 1996 536 2052 L
560 1995 704 2053 Lentulus
731 1997 837 2054 consul
861 1997 974 2054 senatui
999 1995 1100 2072 reique

103 2089 241 2168 publicae
255 2109 286 2148 se
302 2109 368 2148 non¹
377 2089 544 2148 defuturum
559 2089 723 2164 pollicetur,
740 2090 764 2150 si
786 2092 927 2150 audacter
940 2111 976 2149 ac
990 2091 1101 2151 fortiter

102 2186 266 2248 sententias
279 2185 377 2244 dicere
391 2185 483 2244 velint
491 2205 500 2258 3
522 2186 567 2243 sin
583 2187 740 2246 Caesarem
756 2185 917 2262 respiciant
933 2197 1023 2264 atque
1038 2187 1100 2248 eius
1115 2208 1133 2264 3

101 2284 226 2362 gratiam
251 2294 418 2360 sequantur,
441 2282 474 2342 u't
494 2283 692 2360 superioribus
712 2285 835 2345 fecerint
856 2284 1046 2362 temporibus,
1068 2305 1100 2345 se

102 2382 159 2442 sibi
172 2381 327 2441 consilium
343 2392 496 2457 capturum
515 2401 613 2457 neque
627 2393 746 2440 senatus
765 2381 931 2442 auctoritati
948 2384 1100 2458 obtempe-

102 2491 251 2555 raturum3
285 2480 393 2538 habere
421 2498 452 2538 se
480 2498 601 2554 quoque
628 2479 667 2538 ad
695 2479 830 2540 Caesaris
857 2479 979 2556 gratiam
1011 2491 1100 2555 atque

102 2577 260 2637 amicitiam
271 2587 431 2652 receptum.
468 2577 505 2634 ln
516 2579 643 2634 eandem
654 2577 831 2635 sententiam
843 2575 973 2652 loquitur
983 2576 1096 2653 Scipio:
1110 2595 1127 2650 4

103 2673 247 2749 Pompeio
261 2689 326 2730 esse
338 2671 370 2729 in
384 2671 485 2729 animo
504 2669 546 2730 rei
566 2669 704 2746 publicae
724 2691 784 2729 non
804 2673 918 2743 deesse,
935 2670 959 2730 si
978 2683 1097 2730 senatus

102 2780 242 2844 sequatur
249 2787 258 2840 ;
286 2765 311 2826 si
331 2778 485 2826 cunctetur
506 2777 596 2842 atque
617 2777 685 2842 agat
705 2767 810 2838 lenius,
832 2767 1013 2843 nequiquam
1035 2768 1098 2826 eius

101 2865 292 2949 auxiliunks'
309 2875 413 2940 postea
426 2866 504 2934 velit,
521 2875 656 2924 senatum
670 2863 902 2940 imploraturum.

163 2965 205 3022 11.
242 2956 244 2961 ’
282 2944 495 3038 εὶὲἒὸοἰρὶοῃῇε
513 2960 615 3033 oratio,
632 2981 672 3037 qu
736 2973 855 3020 senatus
874 2962 904 3020 in
923 2963 995 3020 urbe
1010 2963 1127 3021 habe-1

102 3061 188 3119 batur
215 3058 434 3134 Pompeiusque
507 3037 761 3133 efdffffifrpiius
788 3076 839 3115 ore
868 3057 993 3133 Pompei
1020 3058 1095 3118 mitti

100 3155 263 3215 videbatur.
306 3154 426 3212 Dixerat
447 3152 552 3228 aliquis
573 3152 715 3211 leniorem
740 3152 926 3226 sententiam,
949 3165 980 3213 ut
1002 3154 1129 3230 primos

102 3254 145 3311 M.
170 3250 337 3321 Marcellus,
359 3250 505 3325 ingressus
529 3250 560 3306 in
586 3268 651 3306 eam
677 3248 849 3319 orationem,
876 3268 936 3308 non
961 3263 1097 3326 oportere

101 3357 171 3406 ante
189 3346 228 3405 de
247 3364 282 3404 ea
300 3364 331 3404 re
345 3348 383 3403 ad
402 3354 538 3403 senatum
558 3343 663 3414 referri,
679 3363 768 3419 quam
787 3343 911 3402 dilectus
930 3356 993 3404 tota
1010 3345 1097 3428 ltalia

184 3482 249 3524 BEL·
264 3482 324 3525 CIV.
341 3484 359 3524 1.
1019 3477 1040 3514 ἱ
