2476 3870
138 191 175 232 ao
427 172 494 229 DE
520 171 671 230 BELLO
701 171 750 230 CI
752 172 846 230 VILI

139 325 300 404 Pompeius
314 335 377 387 erat
390 326 571 399 adhortatus,
586 343 625 384 ne
639 344 717 384 nova
731 324 865 386 Caesaris
885 326 981 386 officia
998 340 1136 388 veterum

103 445 123 498 4
136 443 256 485 suorum
267 421 477 484 beneficiorum
487 421 519 482 in
529 441 582 484 eos
596 421 769 483 memoriam
783 425 971 502 expellerent.
1014 425 1137 502 Quibus

136 521 283 582 mandatis
307 519 438 597 acceptis
463 518 666 580 Massilienses
687 525 787 598 por'tas
808 520 929 583 Caesari
948 522 1136 600 clauserant3

136 619 269 694 Albicos,
295 619 437 679 barbaros
460 615 605 690 homines,
630 617 682 693 qui
706 617 737 677 in
760 637 863 680 eorum
887 619 947 680 fide
970 619 1136 697 antiquitus

136 728 218 777 erant
240 726 415 792 montesque
438 733 525 792 supra
548 713 710 775 Massiliam
731 714 917 792 incolebant,
931 716 971 776 ad
992 736 1025 777 se
1045 738 1136 781 voca·

103 833 120 894 5
137 827 238 876 verant
244 836 254 889 ;
275 816 455 874 frumentum
466 832 504 873 ex
513 811 645 873 finitimis
656 811 823 890 regionibus
837 826 927 891 atque
941 813 979 875 e'x
991 815 1136 879 omnibus

136 912 263 973 castellis
281 909 313 971 in
331 913 435 973 urbem
455 921 654 971 convexerant
659 933 667 985 ;
688 910 836 971 aimomm
856 911 989 972 officinas
1006 911 1038 973 in
1060 915 1136 976 urbe

136 1011 339 1085 instituerant3
360 1029 467 1082 muros,
483 1021 593 1086 portas,
609 1011 733 1070 classem
747 1008 927 1071 reficiebant

105 1129 119 1170 1
196 1110 323 1169 XXXV.
366 1111 481 1169 Evocat
508 1109 547 1168 ad
576 1128 608 1168 se
640 1109 750 1168 Caesar
781 1108 915 1168 Massilia
942 1126 982 1167 xv
1008 1108 1132 1186 primos.

136 1209 214 1270 Cum
235 1206 280 1266 his
299 1205 366 1284 agit,
387 1226 424 1266 ne
442 1205 557 1266 initium
578 1205 723 1266 inferendi
742 1205 813 1267 belli
832 1209 872 1268 ab
895 1207 1135 1272 Massiliensibus

136 1305 262 1365 oriatur:
284 1305 394 1364 debere
412 1323 464 1364 eos
486 1302 590 1364 Italiae
609 1302 699 1363 totius
713 1303 919 1365 auctoritatem
933 1305 1019 1381 sequi
1031 1308 1135 1383 potius

105 1423 120 1462 2
136 1423 226 1480 quam
241 1401 327 1462 unius
341 1401 469 1462 hominis
484 1400 632 1461 voluntati
653 1402 864 1478 obtemperare.
902 1404 1037 1480 Reliqua,
1053 1424 1134 1482 quae

136 1503 174 1561 ad
202 1520 304 1563 eorum
332 1501 481 1561 sanandas
508 1510 624 1560 mentes
651 1499 797 1576 pertinere
824 1500 1026 1574 arbitrabatur,
1051 1523 1135 1565 com-

103 1610 288 1677 3memorat.
332 1599 424 1659 Cuius
445 1597 610 1658 orationem
633 1598 722 1674 legati
743 1599 867 1658 domum
892 1600 1020 1661 refemnt
1039 1611 1135 1679 atque

136 1720 172 1760 ex
199 1697 373 1758 auctoritate
401 1698 475 1758 haec
509 1695 629 1756 Caesari
661 1695 849 1757 renuntiante
885 1699 1062 1776 Intellegere
1090 1719 1133 1775 se,

135 1795 262 1857 divisum
280 1815 346 1856 esse
366 1796 512 1872 populum
532 1797 704 1854 Romanum
725 1795 756 1854 in
776 1806 874 1872 partes
896 1796 978 1857 duas.
1021 1799 1135 1875 Neque

136 1893 182 1955 sui
197 1893 298 1955 iudicii
317 1913 416 1971 neque
435 1912 554 1953 suarum
575 1912 639 1952 esse
656 1892 760 1952 virium
783 1893 958 1966 discernere,
976 1905 1041 1955 utra
1063 1916 1135 1974 pars

102 1992 284 2067 4iustiorem
306 1993 415 2052 habeat
437 2011 566 2052 causam.
610 1991 762 2068 Principes
784 2011 854 2052 vero
875 2013 940 2054 esse
954 2013 1054 2054 earum
1069 2016 1136 2074 par·

135 2093 209 2154 tium
232 2093 287 2154 Cn.
317 2090 492 2168 Pompeium
515 2101 545 2151 et
569 2093 603 2152 C.
630 2092 797 2164 Caesarem,
820 2104 963 2169 patronos
986 2093 1135 2175 civitatis3

135 2210 261 2268 quorum
278 2191 351 2250 alter
367 2208 453 2266 agros
471 2190 632 2249 Volcarum
651 2188 894 2251 Arecomicorum
908 2201 938 2251 et
952 2191 1134 2257 Helvionrm

135 2287 254 2365 publice
272 2285 315 2346 eis
336 2285 523 2358 concesserit,
538 2286 612 2345 alter
628 2286 709 2346 bello
725 2285 803 2346 victa
822 2287 919 2347 Gallia
936 2287 995 2349 alia
1010 2290 1135 2354 attribu·

102 2403 119 2465 5
135 2385 190 2447 erit
203 2383 416 2461 vectigaliaque
432 2381 552 2444 auxerit.
600 2385 700 2460 Quare
718 2383 839 2461 paribus
860 2405 962 2445 eorum
978 2388 1135 2452 beneficiis

134 2504 236 2563 parem
268 2503 301 2543 se
333 2501 454 2560 quoque
485 2483 671 2542 voluntatem
701 2481 829 2543 tribuere
859 2483 969 2545 debere
998 2495 1030 2547 et
1061 2507 1136 2550 neu-

134 2593 211 2644 trum
234 2599 336 2641 eorum
357 2590 460 2640 contra
480 2579 606 2639 alterurn
626 2578 726 2640 iuvare
747 2590 798 2640 aut
823 2583 896 2641 urbe
920 2591 971 2642 aut
994 2583 1134 2660 portibus

133 2679 274 2756 recipere.

104 2798 118 2839 1
195 2777 340 2836 XXXVI.
385 2777 472 2835 Haec
507 2775 580 2834 dum
615 2773 692 2835 inter
724 2793 776 2834 eos
810 2786 945 2852 aguntur,
979 2779 1133 2844 Domitius

135 2874 260 2936 navibus
289 2871 452 2933 Massiliam
484 2872 619 2950 pervenit
647 2883 737 2949 atque
763 2873 803 2933 ab
831 2872 874 2934 eis
901 2886 1037 2953 receptus
1065 2881 1132 2942 urbi

103 2994 119 3033 2
135 2971 317 3050 praeficitur3
338 2990 455 3031 summa
472 2969 499 3030 ei
517 2969 587 3031 belli
607 2969 831 3032 administrandi
849 2971 1034 3048 permittitur.
1059 2976 1133 3039 Eius

135 3069 259 3148 imperio
276 3071 401 3128 classem
420 3088 541 3146 quoque
557 3089 658 3129 versus
672 3068 843 3144 dimittunt3
866 3071 1014 3132 onerarias
1027 3092 1130 3154 naves,

133 3187 208 3245 quas
228 3166 340 3243 ubique
362 3177 497 3243 possunt,
520 3168 748 3244 deprehendunt
769 3178 859 3244 atque
883 3166 914 3227 in
938 3179 1058 3246 portum
1082 3173 1136 3236 de-

134 3265 257 3338 ducunt,
273 3283 377 3340 pamm
406 3261 497 3323 clavis
524 3274 575 3323 aut
603 3262 725 3324 materia
752 3273 841 3340 atque
869 3265 1060 3326 armamentis
1087 3266 1136 3332 in-

102 3360 251 3440 3structis
272 3361 312 3422 ad
332 3359 459 3438 reliquas
480 3362 638 3422 armandas
658 3359 891 3439 reficiendasque
912 3372 1055 3438 utuntur;
1076 3368 1137 3429 tru-

127 3457 226 3518 menti
244 3458 327 3536 quod
349 3456 503 3517 inventum
525 3467 578 3528 est,
593 3457 624 3516 in
641 3456 792 3535 publicum
808 3460 982 3535 conserunt;
1000 3458 1136 3541 reliquae
