2476 3870
158 189 198 242 44
436 169 504 226 on
529 168 680 228 Burro
711 168 855 228 elmar

159 326 277 386 Caesari
293 325 368 384 filius
384 323 502 384 Afranii.
545 323 672 384 Venitur
685 326 715 383 in
729 345 797 384 eum
812 325 919 396 locum,
935 344 1023 400 quem
1039 326 1148 384 Caesar

125 443 141 497 3
157 422 273 499 delegit.
316 423 466 483 Audiente
480 433 604 498 utroque
617 421 746 482 exercitu
760 421 889 498 loquitur
902 423 1054 481 Afranius:
1076 424 1146 480 Non

156 538 221 579 esse
240 530 290 580 aut
308 518 379 596 ipsis
393 531 443 580 aut
459 519 600 580 militibus
614 519 859 593 succensendum,
876 520 958 594 quod
972 520 1061 578 fidem
1079 538 1148 594 erga

157 614 363 692 imperatorem
392 636 477 676 suum
506 617 561 677 Cn.
591 615 768 691 Pompeium
796 635 968 674 conservare
992 614 1144 674 voluerint.

124 730 143 783 4
158 712 217 770 Sed
235 711 305 771 satis
323 711 382 770 iam
404 712 508 772 fecisse
527 710 625 771 officio
639 711 766 787 satisque
781 711 915 787 supplicii
931 711 1037 770 tulisse.
1082 713 1147 770 Per-

157 826 260 881 pessus
282 807 414 867 omnium
434 827 530 867 rerum
549 805 681 883 inopiam
691 828 699 880 ;
721 826 800 865 nunc
819 825 888 865 vero
907 826 1001 883 paene
1020 817 1052 865 ut
1073 809 1147 866 feras

154 903 394 964 circummunitos
422 903 570 981 prohiberi
597 924 683 980 aqua,
710 903 857 979 prohiberi
885 903 1024 979 ingressu,
1050 923 1146 979 neque

156 1020 278 1076 corpore
304 1003 438 1062 dolorem
469 1021 568 1078 neque
597 1001 698 1063 animo
725 1000 917 1078 ignominiam
945 1003 1018 1060 ferre
1050 1021 1145 1078 posse.

124 1098 261 1173 5ltaque
289 1118 321 1158 se
347 1099 441 1158 victos
469 1098 620 1158 confiteri:
645 1118 727 1158 orare
751 1109 840 1174 atque
864 1099 1026 1170 obsecrare,
1048 1098 1072 1157 si
1096 1099 1147 1174 qui

156 1196 238 1253 locus
255 1193 471 1256 misericordiae
490 1196 678 1272 relinquatur,
695 1216 733 1256 ne
754 1197 792 1255 ad
814 1195 949 1255 ultimum
971 1195 1146 1272 supplicium

156 1294 292 1368 progredi
307 1313 427 1354 necesse
446 1295 561 1354 habeat.
606 1296 693 1353 Haec
712 1311 802 1368 quam
821 1303 921 1369 potest
939 1293 1147 1353 demississime

157 1400 186 1448 et
201 1389 413 1449 subiectissime
428 1389 556 1466 exponit.

127 1505 138 1541 1
217 1487 370 1544 LXXXV.
412 1487 462 1545 Ad
476 1505 512 1544 ea
527 1484 820 1561 Caesarrespondit:
850 1485 933 1544 Nulli
947 1486 1079 1544 omnium
1093 1487 1147 1546 has

156 1593 253 1659 partes
274 1584 320 1642 vel
341 1581 542 1659 querimoniae
560 1584 608 1643 vel
629 1581 823 1642 miserationis
845 1582 942 1641 minus
963 1581 1145 1643 convenisse.

125 1678 301 1754 2Reliquos
322 1677 401 1738 enim
423 1697 528 1738 omnes
550 1678 678 1738 officium
700 1697 786 1737 suum
810 1677 1008 1754 praestitisse:
1036 1698 1072 1750 se,
1095 1677 1146 1753 qui

157 1777 244 1836 etiam
262 1776 343 1835 bona
359 1775 543 1846 condicione,
559 1788 589 1836 et
604 1777 671 1836 loco
686 1785 715 1836 et
731 1788 865 1852 tempore
879 1795 976 1852 aequo
989 1776 1147 1854 confligere

157 1871 291 1945 noluerit,
313 1883 346 1931 ut
373 1891 462 1949 quam
490 1870 675 1948 integerrima
703 1882 802 1932 essent
828 1872 868 1931 ad
896 1891 1001 1948 pacem
1029 1872 1148 1946 omnia3

157 1967 314 2029 exercitum
342 1989 437 2042 suum,
459 1969 509 2046 qui
534 1968 637 2028 iniuria
662 1969 750 2028 etiam
775 1979 899 2046 accepta
922 1970 1041 2046 suisque
1062 1969 1148 2031 inter-

156 2065 250 2139 fectis,
265 2085 339 2142 quos
353 2064 384 2124 in
403 2085 457 2130 sua
470 2076 617 2141 potestate
636 2065 779 2137 habuerit,
795 2065 974 2126 conservarit
987 2076 1017 2125 et
1030 2067 1148 2139 texerit;

156 2159 233 2220 illius
253 2161 382 2237 denique
404 2160 547 2220 exercitus
568 2159 684 2230 milites,
705 2160 755 2236 qui
776 2179 881 2236 perse
903 2162 941 2222 de
962 2161 1148 2223 concilianda

156 2277 231 2335 pace
250 2259 370 2334 egerint,
386 2278 446 2335 qua
464 2258 495 2317 in
514 2278 545 2319 re
559 2257 692 2317 omnium
707 2277 827 2317 suorum
841 2256 918 2317 vitae
932 2260 1146 2318 consulendum

125 2375 142 2432 3
156 2355 293 2431 putarint.
336 2355 384 2414 Sic
403 2354 535 2414 omnium
554 2353 691 2414 ordinum
706 2364 803 2429 partes
817 2352 848 2412 in
862 2353 1064 2414 misericordia
1077 2375 1146 2414 con-

158 2451 272 2525 stitisse,
288 2450 368 2528 ipsos
382 2452 473 2511 duces
488 2471 506 2509 a
519 2470 593 2527 pace
607 2449 810 2524 abhorruisse3
831 2470 883 2510 eos
897 2470 995 2528 neque
1008 2453 1148 2530 colloquii

157 2568 255 2624 neque
272 2547 451 2608 indutiarum
469 2547 531 2606 iura
548 2565 679 2606 servasse
694 2558 722 2606 et
736 2547 871 2606 homines
888 2546 1039 2624 imperitos
1052 2560 1082 2609 et
1096 2569 1149 2626 per

125 2644 337 2720 4c0lloquium
366 2646 508 2720 deceptos
536 2643 736 2702 crudelissime
764 2641 951 2703 interfecisse.
994 2645 1148 2706 Accidisse

157 2740 244 2817 igitur
257 2740 310 2812 his,
326 2742 406 2816 quod
420 2742 593 2816 plerumque
607 2740 761 2798 hominum
781 2738 872 2798 nimia
885 2739 1045 2816 pertinacia
1058 2752 1148 2818 atque

158 2838 321 2914 arrogantia
334 2836 468 2897 accidere
482 2839 584 2909 soleat,
600 2836 642 2895 uti
657 2855 693 2895 eo
707 2847 856 2895 recurrant
870 2848 900 2896 et
913 2836 945 2896 id
958 2836 1148 2914 cupidissime

126 2944 268 3010 5petant,
290 2933 372 3007 quod
392 2935 481 3009 paulo
502 2944 571 2992 ante
595 2932 834 3008 contempserint.
879 2935 985 3011 Neque
1009 2954 1089 2993 nunc
1116 2955 1148 2996 se

158 3031 274 3090 illorum
288 3030 453 3090 humilitate
467 3050 565 3106 neque
579 3029 679 3106 aliqua
693 3030 832 3106 temporis
847 3030 1068 3107 opportunitate
1083 3052 1148 3108 pos-

158 3125 258 3195 tulare,
274 3121 380 3198 quibus
394 3123 481 3182 rebus
496 3143 569 3200 opes
582 3134 744 3200 augeantur
758 3143 828 3182 suae
833 3144 843 3197 3
863 3125 916 3183 sed
930 3143 982 3184 eos
996 3125 1147 3199 exercitus,

158 3239 232 3296 quos
253 3230 356 3278 contra
376 3239 408 3279 se
435 3222 545 3280 multos
573 3221 632 3280 iam
657 3239 752 3280 annos
775 3220 909 3293 aluerint,
930 3222 1006 3282 velle
1029 3220 1147 3283 dimitti.

125 3319 143 3376 6
159 3318 264 3391 Neque
282 3315 362 3375 enim
384 3333 417 3374 vl
436 3315 567 3393 legiones
580 3316 638 3376 alia
651 3319 689 3378 de
704 3335 793 3377 causa
806 3317 910 3377 missas
924 3317 954 3376 in
970 3319 1148 3394 Hispaniam

159 3411 372 3488 septimamque
393 3411 434 3471 ibi
454 3411 661 3488 conscriptam,
681 3432 779 3491 neque
799 3424 845 3473 tot
866 3425 1021 3490 tantasque
1040 3415 1149 3474 classes
