2476 3870
142 193 179 251 40
420 172 487 235 DE
513 173 663 235 nanno
693 172 837 234 CJVlLJ

141 330 348 406 imperatorem
371 347 456 387 suurn
478 325 650 385 adversariis
671 327 709 384 ad
731 325 907 402 supplicium
930 328 1055 399 tradant,
1077 329 1131 386 ob-

110 436 241 486 asecrat.
285 425 332 484 Fit
359 424 491 484 celeriter
518 442 678 482 concursus
701 423 731 482 in
756 423 944 499 praetorium.
988 427 1130 492 Postulat,

140 533 173 582 ut
199 521 294 581 iurent
321 540 432 594 omneS,
455 539 487 580 se
512 519 671 578 exercitum
699 521 849 596 ducesque
877 541 938 580 non
965 522 1131 581 deserturos

140 639 237 696 neque
256 619 431 696 prodituros
445 637 544 694 neque
561 617 617 678 sibi
636 618 793 694 separatim
812 619 962 695 areliquis
976 617 1130 678 consilium

109 727 286 792 3capturos.
331 715 471 792 Princeps
495 715 524 772 in
551 716 624 774 haec
649 717 737 774 verba
761 714 835 774 iurat
860 715 940 792 ipse3
968 716 1047 774 idem
1073 718 1129 778 ius-

141 812 295 870 iurandum
317 811 408 887 adigit
429 809 604 882 Alranium3
632 814 827 870 subsecuntur
862 811 970 870 tribuni
1006 812 1128 869 militum

140 907 403 983 centurionesque;
424 906 609 966 centuriatim
631 907 769 984 producti
790 908 897 969 milites
922 909 1000 969 idem
1025 909 1128 971 iurant.

108 1005 279 1077 4Edicunt,
294 1024 386 1080 penes
403 1024 490 1080 quem
511 1003 636 1080 quisque
656 1006 693 1064 sit
713 1005 847 1066 Caesaris
867 1007 958 1079 miles,
975 1019 1006 1066 ut
1025 1009 1130 1083 produ-

140 1112 239 1158 catur:
274 1101 435 1176 productos
467 1101 565 1176 palam
598 1100 629 1158 in
657 1101 804 1178 praetorio
836 1102 1022 1162 interficiunt.
1072 1105 1130 1164 Sed

141 1198 296 1273 plerosque
317 1198 353 1269 ei,
375 1197 426 1273 qui
448 1206 632 1274 receperant,
655 1202 753 1259 celant
776 1211 925 1276 noctuque
947 1219 1000 1275 per
1021 1203 1130 1260 vallum

110 1292 286 1368 semittunt.
329 1292 377 1352 Sic
397 1303 506 1353 terrore
528 1296 629 1352 oblato
651 1315 669 1353 a
690 1295 816 1354 ducibus
836 1294 992 1354 crudelitas
1013 1294 1042 1352 in
1064 1315 1130 1371 sup-

141 1390 239 1467 plicio,
255 1409 333 1450 nova
350 1388 453 1467 religio
469 1390 538 1449 iuris
555 1390 670 1450 iurandi
689 1412 773 1467 spem
791 1391 952 1468 praesentis
971 1392 1130 1452 deditionis

141 1486 255 1546 sustulit
276 1497 451 1564 mentesque
472 1487 597 1546 militum
620 1488 763 1548 convertit
785 1501 813 1547 et
834 1509 895 1548 rem
916 1490 955 1547 ad
979 1489 1130 1565 pristinam

141 1584 211 1643 belli
224 1583 368 1644 rationem
382 1584 501 1661 redegit

112 1700 124 1739 1
202 1681 358 1739 LXXVII.
401 1681 518 1753 Caesar,
539 1680 589 1756 qui
609 1679 716 1739 milites
733 1681 964 1741 adversariorum
985 1682 1016 1740 in
1036 1693 1131 1742 castra

141 1797 193 1854 per
213 1787 330 1852 tempus
351 1775 491 1852 colloquii
512 1787 661 1848 venerant,
684 1795 799 1834 summa
823 1777 974 1854 diligentia
997 1779 1130 1854 conquiri

110 1885 171 1934 aet
197 1874 305 1934 remitti
332 1872 422 1934 iubet.
479 1875 537 1934 Sed
566 1893 603 1933 ex
632 1893 757 1934 numero
790 1874 971 1935 tribunorum
1005 1875 1129 1935 militum

141 1968 406 2046 centurionumque
427 1989 488 2029 non
507 1969 579 2028 nulli
598 1989 651 2028 sua
669 1971 822 2029 voluntate
842 1972 923 2047 apud
938 1992 1005 2030 eum
1019 1991 1131 2030 reman-

141 2078 248 2127 serunt.
292 2067 377 2140 Quos
398 2066 446 2126 ille
467 2077 572 2142 postea
592 2085 701 2142 magno
725 2065 754 2124 in
780 2067 893 2126 honore
917 2066 1036 2140 habuit3
1064 2087 1131 2127 cen·

141 2163 270 2224 turiones
285 2163 314 2222 in
329 2163 439 2240 priores
455 2162 582 2238 ordines,
598 2163 712 2239 equites
728 2166 882 2224 Romanos
896 2165 926 2222 in
941 2164 1129 2224 tribunicium

139 2261 263 2321 restituit
276 2263 428 2321 honorem.

112 2379 123 2415 1
201 2359 375 2417 LXXVIII.
421 2359 634 2416 Premebantur
654 2357 806 2416 Afraniani
827 2359 1024 2435 pabulatione,
1042 2380 1130 2435 aqua-

141 2454 248 2514 bantur
275 2473 368 2529 aegre.
422 2454 572 2512 Frumenti
600 2454 716 2530 copiam
750 2453 902 2531 legionarii
929 2475 991 2514 uon
1018 2457 1129 2514 nullam

141 2551 298 2622 habebant,
321 2551 403 2624 quod
427 2548 540 2608 dierum
568 2567 637 2608 xxu
665 2551 704 2610 ab
733 2551 831 2610 Ilerda
858 2552 1035 2609 frumentum
1060 2551 1130 2610 iussi

110 2659 223 2707 aerant
251 2648 361 2718 efferre,
383 2647 484 2706 cetrati
512 2646 724 2724 auxiliaresque
752 2649 871 2719 nullam,
894 2666 1020 2723 quorum
1048 2661 1129 2708 erant

140 2754 170 2802 et
190 2744 343 2801 facultates
364 2743 403 2801 ad
423 2743 587 2818 parandum
614 2742 735 2819 exiguae
760 2754 789 2802 et
813 2762 936 2819 corpora
956 2743 1071 2803 insueta
1091 2746 1130 2805 ad

141 2855 231 2896 onera
254 2836 405 2913 portanda.
452 2838 557 2913 Itaque
582 2857 706 2914 magnus
731 2857 830 2897 eorum
853 2834 976 2895 cottidie
990 2854 1129 2893 numerus

109 2934 178 3007 3ad
196 2933 352 2992 Caesarem
370 2931 560 3009 perfugiebat.
605 2936 643 2992 In
663 2933 708 2993 his
730 2945 790 2993 erat
813 2933 955 3011 angustiis
975 2954 1028 2994 res.
1071 2937 1129 2996 Sed

141 3047 177 3088 ex
194 3029 352 3104 propositis
371 3029 500 3089 consiliis
521 3031 639 3090 duobus
654 3029 819 3107 explicitius
833 3031 988 3091 videbatur
1002 3033 1128 3091 Ilerdam

140 3125 252 3199 reverti,
271 3128 350 3203 quod
372 3125 414 3187 ibi
434 3129 557 3203 paulum
578 3127 717 3187 frumenti
738 3126 924 3204 reliquerant.
968 3127 1016 3187 Ibi
1037 3147 1068 3187 se
1088 3147 1129 3187 re-

113 3243 131 3294 4
146 3223 233 3281 licum
266 3222 421 3282 consilium
436 3223 633 3300 explicaturos
647 3225 846 3283 confidebant.
882 3225 1011 3283 Tarraco
1030 3225 1130 3283 aberat

138 3318 272 3396 longius3
292 3339 353 3396 quo
374 3321 470 3396 spatio
491 3322 587 3397 plures
608 3340 669 3379 rem
691 3339 778 3396 posse
798 3339 882 3380 casus
900 3321 1029 3396 recipere
1048 3322 1130 3380 intel·

141 3415 285 3492 legebant.
328 3417 400 3474 Hoc
420 3419 547 3491 probato
568 3415 693 3475 consilio
714 3436 750 3475 ex
771 3417 871 3474 castris
896 3415 1127 3491 proficiscuntur.
