2476 3870
376 186 462 244 arn.
490 187 518 243 r.
565 185 655 244 cnr.
683 185 816 244 a-nrs.
1055 202 1091 259 29

103 345 240 402 frumenti
256 342 448 415 deminuerat,
463 353 553 418 atque
568 340 759 401 incommoda
772 339 804 398 in
817 340 882 401 dies
894 342 1079 418 augebantur
1082 361 1093 414 3

103 449 212 498 ettam
233 438 335 515 paucis
353 437 458 499 diebus
478 456 584 514 magna
604 448 666 497 erat
684 457 780 496 rerum
801 439 879 498 lacta
898 436 1124 514 commutati03

103 557 139 596 ac
159 557 192 598 se
212 539 329 598 fortuna
348 536 547 608 inclinaverat,
569 546 602 596 ut
622 536 715 596 nostri
738 555 845 612 magna
865 535 969 611 inopia
992 555 1092 595 neces·

104 639 244 698 satiatum
270 656 366 697 rerum
394 633 641 710 conflictarentur,
671 634 713 694 illi
740 634 880 696 omnibus
907 635 1092 696 abundarent

104 737 190 795 rebus
221 733 445 811 superioresque
475 732 661 792 haberentur.
704 733 815 792 Caesar
846 731 888 792 eis
915 730 1125 804 civitatibus‚4

102 853 179 911 quae
208 832 247 891 ad
278 831 342 891 eius
375 829 535 890 amicitiam
567 842 761 904 accesserant,
791 831 873 906 quod
907 827 1004 890 minor
1030 841 1092 889 erat

103 928 240 990 frumenti
256 927 350 1005 copia,
365 947 457 1004 pecus
474 926 637 1003 imperabat
646 945 656 998 ;
676 927 797 986 calones
816 927 855 986 ad
872 925 1093 1004 longinquiores

102 1025 236 1087 civitates
256 1025 422 1085 dimittebat
433 1045 443 1098 ;
463 1023 528 1101 ipse
548 1036 735 1100 praesentem
756 1021 897 1100 inopiam,
919 1022 1026 1100 quibus
1039 1042 1091 1100 po

103 1135 176 1184 terat
189 1121 337 1195 subsidiis,
352 1123 509 1182 tutabatur.

162 1222 248 1280 LIII.
292 1222 379 1279 Haec
407 1217 544 1278 Afranius
578 1217 770 1296 Petreiusque
804 1230 834 1280 et
868 1239 971 1279 eorum
1004 1219 1122 1278 amicir

101 1317 235 1395 pleniora
254 1315 342 1377 etiam
364 1328 453 1392 atque
473 1315 610 1376 uberiora
631 1318 762 1377 Romam
783 1318 823 1377 ad
844 1337 914 1377 suos
934 1317 1092 1394 perscribe·

102 1417 182 1475 bant.
226 1415 324 1473 Multa
342 1433 459 1474 rumore
480 1414 705 1489 affingebantur,
726 1423 758 1473 ut
777 1433 873 1490 paene
895 1415 1004 1474 bellum
1024 1434 1124 1474 con-a

101 1512 211 1570 sectum
222 1509 375 1570 videretur.
409 1508 527 1584 Quibus
537 1508 639 1570 litteris
651 1508 821 1587 nuntiisque
833 1512 963 1570 Romam
974 1509 1092 1587 perlatis
1108 1531 1125 1586 3

102 1606 201 1689 magni
222 1608 344 1667 domum
366 1585 526 1667 concursus
550 1607 589 1666 ad
610 1606 765 1666 Afranium
789 1627 974 1685 magnaeque
999 1620 1090 1684 gratu·

101 1704 226 1765 lationes
239 1705 351 1763 fiebant
359 1724 368 1777 ;
388 1704 471 1762 multi
486 1722 523 1762 ex
538 1701 624 1762 Italia
640 1704 680 1762 ad
698 1707 752 1766 Cn.
771 1703 947 1782 Pompeium
965 1706 1092 1782 proficis

101 1803 252 1874 cebantur,
267 1800 325 1873 alii,
341 1812 373 1860 ut
392 1799 540 1877 principes
560 1803 650 1860 talem
670 1803 806 1861 nuntium
824 1801 965 1875 attulisse,
980 1801 1037 1875 alii,
1054 1823 1092 1862 ne

102 1907 240 1957 eventum
254 1893 324 1954 belli
341 1905 527 1970 exspectasse
543 1905 594 1954 aut
608 1914 644 1955 ex
658 1895 797 1956 omnibus
812 1895 962 1956 novissimi
977 1895 1092 1956 venisse

101 1991 276 2053 viderentur.

162 2092 242 2150 LIV.
287 2092 365 2152 Cum
383 2089 414 2150 in
432 2091 477 2150 his
494 2089 636 2168 angustiis
655 2110 700 2150 res
715 2101 792 2151 esset
805 2100 896 2167 atque
910 2110 1013 2151 omnes
1028 2089 1092 2151 viae
1109 2111 1122 2150 1

101 2189 141 2247 ab
150 2186 316 2246 Afranianis
327 2187 468 2249 militibus
479 2188 686 2266 equitibusque
697 2188 901 2249 obsiderentur
914 2208 971 2249 nec
984 2201 1093 2266 pontes

102 2284 202 2363 pertici
217 2297 347 2363 possent,
366 2287 490 2364 imperat
511 2285 652 2347 militibus
671 2288 790 2361 Caesar,
810 2297 843 2347 ut
864 2307 954 2348 naves
973 2286 1090 2360 faciant,

102 2381 185 2442 cuius
203 2383 318 2460 generis
336 2403 403 2444 eum
424 2383 621 2461 superioribus
635 2383 720 2443 annis
735 2404 805 2444 usus
820 2383 989 2446 Britanniae
1002 2387 1092 2445 docu-

102 2491 172 2541 erat.
215 2480 342 2541 Carinae
360 2500 396 2540 ac
414 2481 510 2558 prima
528 2479 690 2542 statumina
703 2501 740 2542 ex
755 2480 810 2541 levi
826 2482 950 2542 materia
962 2483 1074 2542 fiebant
1083 2504 1092 2556 ;
1108 2503 1123 2540 2

103 2577 224 2639 relicum
249 2594 357 2653 corpus
387 2577 506 2637 navium
522 2576 680 2638 viminibus
695 2588 868 2638 contextum
881 2577 968 2639 coriis
985 2577 1092 2655 intege-

102 2675 194 2733 batur.
238 2676 305 2734 Has
329 2677 473 2752 perlectas
497 2675 585 2735 carris
613 2674 719 2735 iunctis
747 2674 868 2736 devehit
894 2685 985 2736 noctu
1014 2675 1124 2750 milia3

103 2791 241 2848 passuum
255 2792 273 2831 a
291 2772 393 2832 castris
409 2791 479 2832 xxu
494 2773 661 2849 militesque
678 2771 724 2832 his
741 2772 864 2832 navibus
878 2771 989 2831 flumen
1003 2783 1093 2830 trans-

102 2878 199 2944 portat
226 2864 489 2946 continentemque
517 2868 599 2946 ripae
627 2871 735 2928 collem
763 2867 923 2944 improviso
955 2878 1090 2943 occupat.

103 2967 197 3024 Hunc
216 2963 355 3040 celeriter,
378 2965 457 3041 prius
477 2985 567 3040 quam
588 2966 627 3024 ab
647 2963 819 3024 adversariis
841 2962 990 3038 sentiatur,
1012 2982 1125 3037 com-4

102 3063 205 3123 munit
254 3065 324 3122 Huc
350 3063 498 3140 legionem
527 3074 633 3139 postea
659 3061 755 3122 traicit
782 3073 872 3139 atque
905 3081 941 3121 ex
968 3073 1091 3138 utraque

102 3171 184 3238 parte
204 3169 327 3236 pontem
348 3159 482 3234 instituit,
504 3159 597 3219 biduo
617 3157 739 3234 perficit.
782 3158 830 3216 Ita
854 3168 1037 3218 commeatus
1061 3167 1121 3234 et5

102 3255 154 3334 qui
173 3253 312 3315 frumenti
331 3274 422 3315 causa
441 3264 646 3332 processerant
666 3264 730 3313 tuto
751 3254 790 3313 ad
811 3272 843 3314 se
861 3252 963 3329 recipit
980 3264 1009 3313 et
1028 3273 1088 3313 rem

101 3351 319 3414 frumentariam
334 3352 474 3428 expedire
487 3351 599 3428 incipit.

163 3452 225 3510 LV.
268 3449 384 3508 Eodem
416 3449 466 3508 die
500 3448 633 3523 equiturn
665 3465 802 3522 magnam
835 3456 951 3522 partem
979 3446 1132 3503 flumem
