2476 3870
306 169 390 225 LJB.
419 169 446 225 Ι.
492 169 584 226 CAP.
613 167 698 224 XXI
702 167 828 224 V-XX
833 167 880 222 VI.
1060 183 1095 241 15

105 318 164 392 bat,
180 322 259 395 quod
275 321 320 377 his
334 320 407 378 locis
422 330 483 378 erat
497 321 642 376 vadosum
656 335 744 376 mare.
768 317 899 393 Longius
911 336 1088 394 progressus,
1111 320 1129 378 6

105 435 174 474 cum
195 435 282 490 agger
296 414 397 472 altiore
412 433 489 488 aqua
505 412 649 470 contineri
664 430 725 470 non
744 422 852 486 posset,
869 423 946 470 rates
965 414 1097 489 duplices

106 530 225 586 quoque
238 529 339 569 versus
356 510 467 585 pedum
482 526 549 567 xxx
564 507 709 583 eregione
724 508 810 567 molis
821 509 993 568 collocabat
1032 513 1097 570 Has
1114 529 1128 586 7

106 605 254 681 quaternis
281 605 398 664 ancoris
426 625 463 663 ex
491 621 523 662 ιν
550 604 664 679 angulis
691 604 866 678 destinabat,
896 624 935 664 ne
961 606 1098 667 fluctibus

107 713 301 761 moverentur.
346 700 403 759 His
418 699 554 777 perfectis
569 700 780 775 collocatisque
794 698 865 758 alias
879 700 1021 778 deinceps
1034 703 1097 778 pari
1112 707 1130 761 8

107 796 310 873 magnitudine
328 807 404 855 rates
422 795 571 871 iungebat.
616 797 681 853 Has
698 806 774 854 terra
791 806 881 871 atque
902 816 1006 873 aggere
1026 798 1098 858 inte·
1113 820 1131 875 9

106 897 201 970 gebat,
224 915 262 954 ne
283 894 379 953 aditus
400 903 489 968 atque
510 892 644 951 incursus
664 893 704 951 ad
729 894 950 952 defendendum
974 893 1097 970 impedi-

106 1002 200 1065 retur3
221 1011 239 1050 a
259 992 355 1050 fronte
376 999 465 1066 atque
486 991 524 1048 ab
544 998 670 1064 utroque
688 989 778 1048 latere
795 989 925 1049 cratibus
941 1009 978 1048 ac
990 991 1097 1066 pluteis

106 1091 279 1166 protegebat
286 1111 295 1163 3
316 1088 346 1147 in
367 1098 471 1164 quarta
492 1106 610 1164 quaque
631 1106 731 1145 earum
752 1097 845 1147 turres
865 1087 1001 1147 binomm
1016 1091 1099 1148 tabu·
1115 1110 1151 1148 10

106 1187 232 1246 latorum
247 1183 401 1256 excitabat,
424 1203 484 1261 quo
506 1183 692 1242 commodius
712 1185 751 1242 ab
776 1183 889 1261 impetu
913 1184 1032 1244 navium
1052 1187 1096 1244 in-

106 1282 279 1357 cendiisque
294 1283 472 1341 defenderet.

168 1381 282 1438 XXVI.
325 1381 437 1440 Contra
447 1380 521 1437 haec
533 1377 692 1454 Pompeius
704 1397 795 1438 naves
806 1397 927 1455 magnas
942 1379 1096 1454 onerarias,
1115 1402 1127 1439 1

107 1498 180 1554 quas
200 1477 231 1535 in
251 1487 338 1553 portu
365 1470 541 1535 Brundisino
569 1477 813 1552 deprehenderat,
835 1479 1006 1537 adornabat
1050 1479 1098 1539 Ibi

107 1586 199 1634 turres
213 1595 280 1633 cum
300 1574 390 1634 ternis
409 1573 546 1633 tabulatis
562 1572 692 1650 erigebat
706 1593 816 1650 easque
831 1574 929 1634 multis
944 1576 1097 1636 tormentis

107 1684 135 1732 et
150 1671 232 1731 omni
245 1691 352 1748 genere
371 1673 496 1732 telorum
511 1674 674 1748 completas
688 1673 727 1731 ad
746 1692 836 1748 opera
850 1674 983 1733 Caesaris
1001 1677 1099 1752 appel-

107 1771 195 1842 lebat,
217 1780 248 1828 ut
272 1779 349 1827 rates
373 1779 573 1857 perrumperet
597 1780 688 1844 atque
712 1788 802 1846 opera
825 1768 1007 1831 disturbaret
1049 1771 1098 1831 Sic

108 1867 230 1926 cottidie
244 1866 390 1942 utrimque
419 1865 534 1926 eminus
561 1866 667 1938 fundis,
690 1865 802 1943 sagittis
829 1866 1006 1944 reliquisque
1032 1868 1098 1930 telis

107 1964 299 2040 pugnabatur.
343 1967 442 2040 Atque
458 1965 532 2023 haec
550 1965 660 2026 Caesar
676 1963 718 2024 ita
738 1963 970 2040 administrabat,
984 1977 1016 2026 ut
1030 1986 1098 2026 con·
1114 1988 1129 2026 2

107 2058 239 2119 diciones
266 2056 347 2135 pacis
374 2057 566 2119 dimittendas
593 2079 654 2120 non
687 2059 883 2138 existimaret3
918 2081 954 2122 ac
980 2063 1098 2124 tametsi

107 2157 215 2232 magno
239 2175 330 2233 opere
357 2156 561 2226 admirabatur,
584 2157 729 2234 Magium,
751 2177 841 2234 quem
870 2159 908 2218 ad
923 2159 1097 2238 Pompeium

106 2273 174 2313 cum
189 2252 337 2313 mandatis
351 2253 477 2326 miserat,
489 2256 529 2313 ad
543 2273 575 2313 se
589 2275 651 2313 non
665 2253 782 2323 remitti,
798 2266 887 2330 atque
902 2274 937 2314 ea
950 2275 996 2317 res
1009 2276 1098 2334 saepe

106 2360 250 2426 temptata
261 2349 316 2410 etsi
325 2349 453 2428 impetus
467 2349 530 2411 eius
545 2351 727 2428 consiliaque
738 2353 881 2423 tardabat,
894 2363 995 2412 tamen
1007 2354 1099 2413 omni-

107 2450 162 2508 bus
176 2450 265 2508 rebus
285 2448 315 2507 in
329 2469 366 2508 eo
380 2451 627 2526 perseverandum
641 2452 773 2526 putabat.
817 2452 923 2526 Itaque
939 2451 1098 2512 Caninium
1113 2474 1130 2529 3

107 2546 247 2606 Rebilum
268 2547 407 2623 legatum,
428 2548 601 2608 familiarem
622 2547 878 2623 necessariumque
896 2549 1031 2608 Scriboni
1050 2549 1097 2609 Li-

105 2642 201 2715 boniS,
217 2641 306 2702 mittit
325 2644 364 2702 ad
383 2663 451 2703 eum
470 2643 611 2721 colloquii
630 2664 736 2720 causa3
758 2645 888 2716 mandat,
904 2656 937 2704 ut
951 2646 1097 2706 Libonem

105 2740 145 2799 de
165 2739 352 2799 concilianda
369 2760 445 2817 pace
463 2742 613 2816 hortetur,
633 2741 785 2818 imprimis,
799 2753 831 2801 ut
848 2741 912 2819 ipse
930 2761 998 2800 cum
1014 2746 1099 2801 Pom·

106 2835 175 2912 peio
195 2838 418 2912 colloqueretur,
437 2840 584 2913 postulat,
612 2857 721 2914 magno
745 2858 835 2914 opere
859 2858 923 2898 sese
950 2841 1131 2913 confidere4

105 2933 297 3004 demonstrat,
321 2931 345 2991 si
369 2932 432 2992 eius
455 2933 497 2992 rei
522 2933 560 2992 sit
581 2944 712 3011 potestas
735 2936 821 3007 facta,
844 2936 914 3009 fore,
937 2945 971 2994 ut
997 2936 1098 3012 aequis

105 3026 332 3085 condicionibus
352 3029 390 3086 ab
412 3028 499 3087 armis
517 3028 703 3103 discedatu13
724 3028 808 3088 cuius
825 3029 866 3088 rei
881 3050 1017 3106 magnam
1033 3052 1096 3108 par-

105 3133 165 3182 tem
188 3121 283 3181 laudis
304 3132 393 3198 atque
414 3123 638 3184 existimationis
658 3126 698 3184 ad
715 3124 862 3185 Libonem
880 3138 1096 3203 perventuram,

105 3213 131 3273 si
149 3213 199 3272 illo
214 3225 332 3273 auctore
351 3226 440 3291 atque
459 3228 565 3291 agente
586 3218 624 3276 ab
643 3217 730 3276 armis
751 3216 789 3276 sit
809 3218 979 3278 discessum.
1022 3220 1128 3299 Lib05

105 3329 123 3368 a
147 3309 298 3384 colloquio
322 3311 429 3372 Canini
457 3312 602 3387 digressus
629 3315 668 3373 ad
693 3314 869 3390 Pompeium
896 3315 1095 3391 proficiscitur.

107 3409 199 3467 Paulo
222 3418 288 3482 post
310 3408 466 3479 renuntiat,
487 3411 569 3485 quod
590 3413 726 3471 consules
748 3411 853 3482 absint,
873 3411 935 3470 sine
957 3412 1013 3471 illis
1036 3434 1096 3473 non
