2476 3870
138 207 175 278 ³8
415 201 482 258 os
508 199 658 257 Burro
688 172 833 256 crassas

105 352 261 431 3consilio
281 371 417 428 superare
438 369 526 426 quam
552 348 659 426 gladio.
704 347 882 406 Movebatur
906 343 993 405 etiam
1019 341 1127 402 miscri-

137 449 237 510 cordia
259 448 376 520 civbrm,
398 465 475 524 quos
498 444 719 505 interficiendos
743 443 882 517 videbat;
909 441 1016 519 quibus
1040 439 1127 500 salvis

106 565 121 616 4
137 556 226 621 atque
244 541 443 603 incolumibus
460 561 522 603 rem
541 543 675 602 obtinere
697 541 835 600 malebat.
880 541 951 598 Hoc
971 537 1127 597 consilium

138 641 272 704 Caesaris
286 641 436 718 plerisque
450 659 511 700 non
525 640 707 716 probabatur
712 659 722 712 ;
742 636 849 696 milites
863 656 933 696 vero
944 638 1043 712 palam
1053 635 1129 694 inter

137 761 169 800 se
183 742 386 814 loquebantur,
402 737 542 816 quoniam
558 737 624 796 talis
638 737 756 796 occasio
771 734 909 794 victoriae
924 733 1126 802 dimitteretur,

137 836 225 896 etiam
247 857 314 896 cum
337 837 424 896 vellet
446 838 563 909 Caesar,
586 853 651 893 sese
673 852 734 893 non
755 851 820 892 esse
841 845 1033 909 pugnaturos..
1074 833 1128 890 Ille

56 948 59 952 ·
137 934 167 993 in
182 954 235 993 sua
250 931 396 992 sententia
410 942 577 1008 perseverat
588 944 617 991 et
631 933 753 1008 paulum
769 951 805 989 ex
820 950 856 990 eo
871 931 937 990 loco
952 929 1127 1006 degreditur,

104 1043 168 1107 5ut
197 1031 332 1090 timorem
360 1029 532 1088 adversariis
557 1029 678 1088 minuat.
723 1028 854 1089 Petreius
878 1038 967 1104 atque
991 1027 1129 1086 Afranius

137 1128 237 1186 oblata
257 1129 396 1186 facultate
416 1125 446 1184 in
468 1137 563 1184 castra
584 1145 649 1186 sese
670 1127 805 1185 referunt.
850 1127 959 1185 Caesar
978 1122 1129 1200 praesidiis

137 1223 167 1283 in
192 1223 343 1284 montibus
368 1223 518 1300 dispositis
543 1223 626 1282 omni
650 1223 689 1283 ad
712 1221 860 1281 Hiberum
881 1220 995 1279 incluso
1019 1220 1129 1291 itinere,

137 1342 225 1398 quam
243 1321 375 1398 proxime
389 1333 487 1398 potest
501 1319 630 1380 hostium
646 1320 755 1393 castris,
771 1330 866 1380 castra
881 1317 1052 1379 communit.

110 1441 117 1477 r
199 1421 344 1479 LXXIII.
387 1420 511 1478 Postero
529 1418 577 1477 die
594 1419 687 1477 duces
707 1417 940 1476 adversariorum
958 1413 1129 1492 perturbati,

137 1518 219 1593 qnod
247 1535 367 1576 omnem
395 1513 436 1575 rei
463 1515 671 1575 frumentariae
699 1513 888 1590 fluminisque
915 1513 1020 1572 Hiberi
1045 1532 1129 1589 spem

106 1615 318 1686 adimiserant,
348 1616 387 1675 de
414 1613 534 1691 reliquis
562 1617 649 1674 rebus
677 1615 892 1674 consultabant.
939 1614 1011 1670 Erat
1037 1631 1130 1671 unum

137 1712 201 1786 iter,
228 1713 356 1773 Ilerdam
385 1713 407 1771 si
437 1712 541 1772 reverti
569 1713 686 1785 vellent,
716 1713 849 1782 alterurn,
878 1708 902 1768 si
930 1711 1129 1770 Tarraconem

85 1871 88 1878 A
137 1821 278 1888 peterent.
324 1811 410 1868 Haec
427 1807 653 1868 consiliantibus
673 1807 716 1868 eis
733 1805 904 1866 nuntiantur
922 1818 1079 1883 aquatores
1093 1808 1131 1867 ab

105 1907 268 1984 3equitatu
290 1906 384 1983 premi
406 1919 515 1967 nostro.
560 1909 680 1982 Quare
705 1904 824 1984 cognita
849 1905 965 1966 crebras
989 1904 1131 1965 stationes

138 2004 301 2081 disponunt
322 2002 454 2080 equitum
476 2016 505 2063 et
531 2004 696 2062 cohortium
714 2003 875 2062 'alariarum
900 2002 1131 2079 legionariasque

138 2098 306 2160 intericiunt
325 2102 463 2160 cohortes
481 2102 647 2177 vallumque
667 2119 702 2160 ex
719 2099 821 2158 castris
840 2100 877 2158 ad
897 2119 1004 2176 aquam
1024 2100 1131 2159 ducere

138 2196 290 2274 incipiunt,
311 2208 343 2257 ut
364 2197 440 2256 intra
461 2196 656 2257 munitionem
678 2208 707 2256 et
728 2196 792 2257 sine
813 2197 917 2257 timore
939 2212 968 2258 et
989 2197 1053 2258 sine
1077 2208 1132 2257 sta-

139 2293 268 2355 tionibus
288 2292 388 2371 aquari
410 2305 540 2371 possent.
585 2296 622 2354 ld
643 2314 720 2370 opus
740 2293 816 2353 inter
836 2313 868 2353 se
890 2293 1022 2354 Petreius
1043 2305 1131 2370 atque

138 2390 276 2451 Afranius
296 2391 463 2467 partiuntur
478 2391 593 2468 ipsique
610 2391 784 2468 perficiundi
801 2390 898 2468 operis
913 2412 1002 2452 causa
1016 2391 1131 2468 longius

139 2489 373 2566 progrediuntur.

110 2605 120 2644 r
200 2585 340 2644 LXXIV.
383 2585 519 2660 Quorum
539 2585 671 2646 discessu
688 2583 810 2646 liberam
829 2584 909 2644 nacti
922 2583 1030 2645 milites
1044 2587 1132 2646 collo-

139 2682 273 2760 quiorum
295 2684 464 2742 facultatem
484 2684 574 2759 vulgo
594 2683 767 2759 procedunt,
789 2693 819 2742 et
843 2701 931 2758 quem
956 2681 1081 2758 quisque
1101 2682 1131 2741 in

139 2778 240 2838 castris
269 2789 374 2839 notum
402 2789 452 2838 aut
485 2777 665 2856 municipem
698 2779 837 2851 habebat,
865 2778 1012 2855 conquirit
1043 2791 1133 2855 atque

109 2887 253 2935 revocat.
298 2875 429 2935 Primum
451 2887 541 2952 agunt
562 2876 669 2953 gratias
688 2895 793 2936 omues
812 2874 959 2949 omnibus,
975 2876 1056 2953 quod
1077 2873 1133 2934 sibi

138 2972 298 3050 perterritis
318 2972 413 3048 pridie
434 2973 654 3050 pepercissent:
682 2991 786 3033 eorum
807 2991 840 3032 se
860 2972 1006 3033 beneficio
1027 2972 1131 3032 vivere.

141 3069 259 3130 Deinde
287 3069 473 3146 imperatoris
500 3071 591 3130 fidem
618 3081 772 3146 quaerunt,
800 3080 920 3130 rectene
947 3089 979 3130 se
1006 3069 1047 3130 illi
1075 3070 1133 3130 sint

139 3165 333 3240 commissuri,
354 3177 392 3238 et,
413 3167 495 3242 quod
516 3185 577 3226 non
598 3166 636 3226 ab
657 3164 741 3226 initio
761 3165 884 3226 fecerint
904 3185 1045 3243 armaque
1065 3187 1133 3227 cum

139 3261 310 3324 hominibus
338 3263 509 3324 necessariis
537 3274 567 3323 et
594 3263 820 3340 consanguineis
848 3265 1036 3338 contulerint,
1065 3286 1133 3343 que

108 3367 250 3434 gruntur.
295 3357 354 3416 His
381 3358 532 3432 provocati
561 3357 745 3418 sermonibus
772 3360 861 3419 fidem
890 3360 928 3419 ab
960 3359 1134 3437 imperatore

145 3454 180 3514 le
202 3454 296 3513 Petrei
318 3463 409 3528 atque
429 3453 542 3513 Afranii
563 3454 623 3514 vita
643 3467 758 3532 petunt,
777 3476 815 3515 ne
836 3459 919 3532 quod
938 3456 970 3516 in
989 3477 1020 3518 se
1039 3459 1134 3518 scelus
