2476 3870
259 209 400 271 Mal.
446 207 537 269 CAP.
567 207 937 267 XXXIV-XXXVIII.
1061 223 1096 264 ar

107 380 218 422 merces
245 373 490 438 commeatusque
517 363 557 422 ad
584 362 774 422 obsidionem
802 363 892 434 urbis,
921 361 945 420 si
973 360 1098 431 accidat,

106 469 262 519 reservant.
306 459 425 534 Quibus
444 457 555 518 iniuriis
576 469 727 536 permotus
752 460 863 520 Caesar
887 457 1018 534 legiones
1041 467 1134 530 tres4

107 556 271 615 Massiliam
298 555 420 616 adducit
427 577 437 631 ;
470 566 563 616 turres
590 555 751 633 vineasque
778 557 817 616 ad
845 553 1099 633 oppugnationem

106 652 186 728 urbis
207 672 301 730 agere,
317 673 408 713 naves
429 655 533 729 longas
556 656 674 714 Arelate
695 674 819 715 numero
840 671 886 713 x11
908 655 1003 714 Iacere
1019 652 1099 713 insti·

105 746 168 808 tuit.
212 749 329 824 Quibus
356 748 468 809 effectis
496 749 675 826 armatisque
699 749 804 809 diebus
828 767 904 821 xxx,
926 769 945 809 a
968 769 1028 826 qua
1050 749 1130 826 die5

106 844 226 904 materia
248 864 334 906 caesa
357 856 410 918 est,
432 846 628 922 adductisque
653 845 825 918 Massiliam,
847 845 894 906 his
917 848 954 905 D.
978 848 1098 905 Brutum

105 941 244 1018 praeficit,
267 945 302 1003 C.
326 942 509 1003 Trebonium
531 944 660 1020 legatum
682 945 721 1004 ad
742 945 999 1021 oppugnationem
1020 946 1100 1004 Mas-

106 1040 187 1100 siliae
201 1040 346 1118 relinquit

164 1143 326 1199 XXXVII.
370 1142 450 1199 Dum
472 1140 546 1200 baec
567 1150 650 1217 parat
671 1149 761 1217 atque
776 1139 970 1213 administrat,
989 1143 1024 1203 C.
1046 1144 1098 1201 Fa·
1116 1161 1129 1202 1

106 1236 187 1296 bium
201 1238 329 1314 legatum
343 1256 410 1296 cum
432 1236 598 1314 legionibus
618 1256 664 1312 111,
679 1257 753 1315 quas
768 1240 910 1298 Narbone
929 1237 1098 1315 circumque

106 1353 141 1394 ea
163 1335 230 1394 loca
244 1319 405 1394 'hiemandi
429 1354 520 1394 causa
545 1334 742 1411 disposuerat,
763 1336 795 1393 iu
817 1334 997 1412 Hispaniam
1018 1356 1099 1413 prae-

105 1432 194 1494 mittit
213 1433 404 1511 celeriterque
425 1436 516 1493 saltus
537 1435 705 1510 Pyrenaeos
724 1432 863 1510 occupari
881 1434 972 1506 lubet,
991 1434 1042 1511 qui
1060 1453 1098 1494 eo

105 1540 239 1607 tempore
255 1532 293 1589 ab
314 1533 346 1590 L.
368 1529 488 1589 Afranio
505 1531 604 1604 legato
623 1529 777 1606 praesidiis
792 1533 976 1590 tenebantur.
1019 1531 1098 1590 Reli·
1114 1551 1129 1588 a

105 1645 177 1703 quas
205 1625 345 1702 legiones,
374 1645 450 1703 quae
477 1626 594 1702 longius
621 1625 802 1700 hiemabant,
831 1626 973 1704 subsequi
1007 1626 1095 1686 iubet

105 1721 223 1797 Fabius,
243 1734 277 1783 ut
296 1734 359 1784 erat
379 1723 565 1800 imperatum,
588 1722 722 1782 adhibita
746 1723 896 1782 celeritate
919 1722 1130 1800 praesidium3

105 1838 142 1878 ex
162 1821 238 1879 saltu
260 1819 368 1879 deiecit
386 1817 562 1895 magnisque
582 1817 737 1880 itineribus
756 1821 795 1879 ad
810 1819 969 1879 exercitum
985 1819 1098 1879 Afranii
1142 1890 1149 1899 ἱ

104 1916 265 1976 contendit.

164 2015 342 2074 XXXVIII.
386 1999 527 2074 Adventu
542 2016 575 2074 L.
591 2013 715 2073 Vibullii
728 2015 807 2086 Rufi,
819 2032 910 2091 quem
922 2033 939 2074 a
951 2016 1096 2092 Pompeio
1114 2036 1127 2077 1

104 2111 226 2170 missum
260 2111 290 2170 in
328 2110 507 2188 Hispaniam
541 2111 778 2170 demonstratum
813 2122 867 2184 est,
896 2112 1033 2173 Afranius
1067 2125 1097 2175 et

105 2209 237 2270 Petreius
253 2221 282 2269 et
301 2211 403 2284 Varro,
419 2211 508 2286 legati
528 2210 662 2287 Pompei,
678 2230 804 2288 quorum
821 2231 897 2271 unus
918 2212 1097 2290 Hispaniam

103 2305 268 2368 citeriorem
293 2309 387 2366 tn'bus
410 2310 571 2386 legionibus,
596 2311 671 2368 alter
694 2312 855 2369 ulterrbrem
886 2330 905 2370 a
926 2313 1002 2371 saltu
1027 2315 1097 2374 Cas

104 2406 250 2466 tolonensi
278 2407 316 2464 ad
343 2409 442 2465 Anam
470 2407 587 2466 duabus
617 2407 792 2484 legionibus,
820 2408 925 2470 tertius
957 2412 995 2470 ab
1030 2415 1097 2472 Ana

103 2507 268 2564 Vettonum
295 2523 397 2580 agrum
427 2505 671 2582 Lusitaniamque
698 2505 761 2584 pari
787 2526 911 2566 numero
944 2508 1095 2585 legionum

103 2600 267 2674 obtinebat,
298 2600 396 2661 officia
430 2601 505 2662 inter
539 2621 572 2662 se
606 2601 780 2679 partiuntur,
814 2603 857 2662 uti
893 2604 1024 2665 Petreius
1060 2626 1127 2666 exa
1194 2601 1197 2609 ’

104 2698 256 2758 Lusitania
275 2717 329 2776 per
347 2701 495 2759 Vettones
516 2718 585 2759 cum
607 2700 745 2761 omnibus
766 2701 860 2779 copiis
881 2703 920 2762 ad
941 2704 1096 2765 Afranium

103 2796 312 2875 proficiscatur,
341 2798 436 2856 Varro
467 2817 534 2856 cum
566 2798 618 2869 eis,
651 2817 726 2874 quas
756 2799 896 2870 habebat,
929 2800 1095 2878 legionibus

103 2913 224 2954 omnem
252 2895 419 2954 ulteriorem
450 2894 628 2970 Hispaniam
659 2907 780 2954 tueatur.
827 2897 884 2956 His
912 2901 1000 2958 rebus
1027 2918 1096 2959 con·
1110 2920 1129 2978 3

104 2989 212 3050 stitutis
232 2990 347 3065 equites
367 2990 533 3066 auxillaqne
555 2989 610 3049 toti
632 2989 802 3051 Lusitaniae
822 3011 840 3052 a
861 2992 986 3069 Petreio,
1007 2995 1097 3055 Celti·

103 3086 211 3160 beriae,
233 3085 390 3148 Cantabris
413 3087 606 3164 barbarisque
629 3086 777 3162 omnibus
803 3088 855 3165 qui
876 3090 916 3149 ad
941 3091 1095 3152 Oceanum

103 3181 260 3260 pertinent,
278 3183 317 3243 ab
331 3183 456 3244 Afranio
474 3184 662 3261 imperantur.
707 3183 824 3258 Quibus
837 3187 949 3245 coactis
962 3187 1096 3248 celeriter
1108 3209 1128 3264 4

103 3279 237 3342 Petreius
250 3298 304 3356 per
317 3282 463 3342 Vettones
477 3283 515 3342 ad
531 3280 683 3341 Afranium
697 3282 839 3359 pervenit,
851 3285 1095 3362 constituuntque

102 3374 257 3437 communi
277 3375 402 3436 consilio
424 3378 536 3436 bellum
557 3379 596 3437 ad
622 3379 751 3438 Ilerdam
775 3391 896 3457 propter
921 3380 1011 3457 ipsius
1035 3381 1093 3442 loci

102 3473 355 3551 opportunitatem
369 3493 477 3551 gerere.
