2476 3870
155 165 194 236 46
360 163 428 224 DE
454 161 604 222 BELLO
635 162 684 222 CI
686 162 781 220 VILI
801 162 886 220 LIB.
916 164 941 222 I.

124 335 137 375 1
215 315 403 374 LXXXVII.
447 315 558 375 Caesar
584 335 620 375 ex
647 333 684 374 eo
712 324 854 391 tempore,
879 315 952 373 dum
976 315 1013 373 ad
1039 315 1149 373 flumen

154 415 264 472 Varum
283 411 424 484 veniatur,
443 431 474 470 se
494 412 673 470 frumentum
694 412 830 470 daturum
851 410 1012 487 pollicetur.
1055 410 1150 470 Addit

154 507 252 580 etiam,
268 518 308 580 ut,
324 507 407 584 quod
427 506 552 583 quisque
573 526 675 567 eorum
697 506 727 566 in
750 508 828 566 bello
846 507 983 579 amiserit,
998 527 1074 583 quae
1092 507 1150 566 sint

154 625 247 683 penes
265 605 373 666 milites
390 623 468 678 suos,
483 603 534 677 eis,
550 604 602 681 qui
622 606 788 677 amiserant,
806 605 971 664 restituatur
980 630 988 679 5
1010 606 1149 664 militibus

155 723 249 779 aequa
268 705 345 762 sacta
364 701 569 763 aestimatione
588 700 747 777 pecuniam
766 721 820 778 pro
840 701 885 761 his
905 703 992 761 rebus
1007 701 1146 762 dissolvit

124 803 367 878 2Quascumque
391 810 496 878 postea
520 797 734 860 controversias
758 799 834 859 inter
858 819 889 860 se
914 799 1020 859 milites
1042 801 1150 860 habue-

123 911 231 975 3runt,
251 918 304 959 sua
328 908 435 974 sponte
458 898 498 956 ad
521 898 679 958 Caesarem
704 895 735 956 in
759 896 804 955 ius
831 897 973 956 adiemnt.
1018 899 1150 958 Petreius

156 1007 245 1072 atque
262 993 408 1068 Afranius,
426 1013 494 1053 cum
516 992 695 1070 stipendium
714 995 752 1052 ab
771 991 936 1069 legionibus
957 1012 1052 1070 paene
1073 994 1147 1054 sedi-

159 1092 240 1152 tione
263 1093 342 1151 facta
362 1090 566 1166 flagitarentur‚
591 1087 675 1147 cuius
699 1085 741 1145 illi
766 1085 845 1144 diem
870 1085 1005 1144 nondum
1031 1083 1145 1144 venisse

158 1184 298 1255 dicerent,
314 1184 425 1245 Caesar
438 1193 470 1240 ut
487 1191 689 1257 cognosceret,
704 1183 900 1257 postularunt,
916 1201 1012 1257 eoque
1028 1183 1151 1259 utrique,

127 1281 241 1357 4quod
261 1279 370 1351 statuit,
393 1278 525 1339 contenti
546 1280 670 1338 fuerunt
716 1281 802 1338 Parte
827 1277 942 1338 circiter
967 1277 1051 1338 tertia
1075 1299 1152 1339 exer-

160 1377 235 1436 citus
262 1395 299 1435 eo
329 1374 422 1434 biduo
453 1373 575 1433 dimissa
602 1374 677 1432 duas
704 1373 835 1450 legiones
868 1393 936 1433 suas
968 1376 1151 1447 antecedere,

161 1473 287 1548 reliquas
306 1470 446 1546 subsequi
466 1469 556 1543 iussit,
572 1480 605 1529 ut
624 1487 685 1528 non
706 1471 796 1546 longo
815 1468 890 1528 inter
904 1488 936 1529 se
950 1469 1045 1545 spatio
1059 1482 1153 1530 castra

161 1569 298 1634 facerent,
313 1564 400 1640 eique
421 1561 541 1639 negotio
561 1563 597 1637 Q.
619 1563 735 1620 Fufium
757 1563 902 1621 Calenum
924 1562 1053 1638 legatum
1071 1582 1152 1638 prae·

131 1685 145 1742 5
162 1662 230 1722 ficit.
274 1663 344 1720 Hoc
364 1659 425 1719 eius
443 1657 623 1736 praescripto
644 1677 681 1716 ex
699 1656 848 1733 Hispania
864 1658 903 1717 ad
916 1659 1027 1716 Varum
1042 1659 1152 1718 flumen

162 1771 207 1822 est
221 1758 276 1819 iter
289 1760 408 1832 factum,
423 1768 512 1835 atque
526 1755 568 1818 ibi
582 1755 694 1834 reliqua
707 1775 773 1834 pars
788 1755 931 1817 exercitus
947 1755 1066 1816 dimissa
1081 1768 1133 1816 est.
