2476 3870
137 183 172 238 18
422 177 488 240 DE
513 177 663 240 BELLO
693 181 743 241 CI
744 181 839 240 VILI

134 334 375 409 imparatissimus
391 351 453 393 non
468 333 663 394 necessarium
678 335 788 393 bellum
803 335 979 410 suscepisset
993 346 1023 395 et
1037 336 1078 394 ab
1092 353 1128 394 se

133 429 311 505 reliquisque
325 429 356 486 in
368 439 471 488 senatu
486 429 680 505 interrogatus
694 429 795 489 omnia
809 429 864 489 sibi
880 450 944 490 esse
958 432 1001 490 ad¹
1012 430 1129 490 bellum

133 537 203 602 apta
221 545 256 584 ac
274 537 376 602 parata
396 523 636 586 confirmavisset.
681 528 768 584 Haec
788 525 819 584 in
840 524 981 585 contione
1001 536 1128 601 questus

133 642 170 683 ex
183 621 333 698 provincia
346 623 426 698 sugit.

103 738 117 780 1
194 720 307 778 XXXI.
351 717 441 778 Nacti
461 738 567 778 vacuas
588 719 627 778 ab
647 716 777 794 imperiis
796 716 960 779 Sardiniam
978 716 1128 792 Valerius,

103 814 224 876 2Curi0
251 813 379 875 Siciliam
407 834 475 874 cum
503 814 680 877 exercitibus
708 803 745 874 eo
770 815 951 892 perveniunt.
993 815 1128 890 Tubero,

134 933 200 972 cum
219 912 250 971 in
268 911 398 972 Africam
417 912 555 986 venisset,
570 911 682 972 invenit
700 911 732 970 in
750 911 902 989 provincia
918 931 986 972 cum
1001 909 1130 988 imperio

133 1008 249 1070 Attium
259 1012 370 1068 Varum
376 1029 385 1082 3
406 1009 456 1085 qui
470 1010 508 1069 ad
523 1007 693 1082 Auximum,
702 1020 734 1069 ut
749 1029 837 1086 supra
847 1007 1128 1083 demonstravimus,

133 1106 248 1166 amissis
267 1106 438 1166 cohortibus
456 1108 591 1183 protinus
610 1127 647 1167 ex
665 1109 733 1182 fuga
752 1106 783 1165 in
805 1106 934 1166 Africam
953 1117 1130 1183 pervenerat

134 1216 223 1281 atque
254 1224 320 1265 eam
352 1223 405 1264 sua
436 1216 544 1281 sponte
576 1225 698 1264 vacuam
727 1215 923 1281 occupaverat
957 1205 1130 1279 dilectuque

133 1303 236 1362 habito
255 1303 329 1362 duas
347 1301 478 1379 legiones
495 1305 640 1375 effecerat,
656 1302 810 1362 hominum
830 1312 860 1360 et
874 1304 1006 1360 locomm
1021 1299 1131 1360 notitia

134 1410 164 1459 et
184 1419 239 1458 usu
261 1399 324 1460 eius
344 1399 514 1476 provinciae
533 1412 639 1460 nactus
657 1398 756 1458 aditus
774 1398 813 1459 ad
832 1418 867 1459 ea
883 1397 1027 1470 conanda,
1044 1398 1131 1474 quod

134 1496 236 1574 paucis
254 1508 323 1558 ante
341 1497 427 1557 annis
448 1517 484 1557 ex
504 1509 639 1574 praetura
658 1518 724 1558 eam
745 1483 928 1574 provinciam
949 1495 1128 1559 obtinuerat.

102 1593 197 1669 3Hic
220 1593 389 1654 venientem
415 1593 535 1655 Uticam
558 1595 684 1656 navibus
708 1596 898 1655 Tuberonem
924 1604 1012 1671 portu
1036 1603 1131 1670 atque

135 1688 248 1767 oppido
266 1688 403 1766 prohibet
420 1709 517 1766 neque
534 1691 673 1749 affectum
690 1689 859 1750 valetudine
872 1689 964 1749 filium
977 1709 1132 1766 exponere

135 1784 167 1846 in
195 1797 270 1847 terra
297 1787 413 1863 patitur,
441 1789 495 1848 sed
523 1787 644 1849 sublatis
671 1788 788 1849 ancoris
816 1789 958 1849 excedere
989 1807 1027 1848 eo
1059 1789 1132 1850 loco

136 1882 222 1959 cogit.

105 1995 121 2041 1
196 1981 329 2040 XXXII.
373 1979 432 2040 His
465 1981 552 2041 rebus
586 1980 729 2042 confectis
764 1984 881 2054 Caesar,
926 1998 959 2046 ut
1004 1983 1131 2043 relicum

137 2086 255 2153 tempus
275 2097 293 2136 a
312 2079 412 2136 labore
434 2076 679 2151 intermitteretur,
702 2077 809 2138 milites
829 2077 860 2136 in
880 2076 1014 2155 proxima
1035 2079 1132 2140 muni-

106 2173 215 2250 acipia
233 2173 353 2234 deducit
363 2195 372 2247 ;
392 2173 455 2250 ipse
473 2175 513 2234 ad
531 2177 634 2235 urbem
649 2174 849 2252 proficiscitur.
894 2176 1009 2236 Coacto
1023 2188 1132 2237 senatu

137 2270 256 2330 iniurias
275 2269 458 2329 inimicorum
478 2282 699 2331 commemorat.
743 2274 849 2344 Docet,
864 2291 896 2332 se
910 2273 1022 2331 nullum
1037 2283 1133 2333 extra·

138 2367 317 2428 ordinarium
347 2367 490 2428 honorem
522 2368 679 2444 appetisse,
707 2370 759 2429 sed
792 2380 963 2447 exspectato
997 2369 1132 2447 legitimo

140 2475 273 2541 tempore
299 2464 470 2523 consulatus
498 2483 535 2524 eo
562 2464 650 2524 luisse
678 2475 860 2538 contentum,
884 2466 965 2540 quod
989 2466 1132 2530 omnibus

107 2561 253 2640 3civibus
279 2571 399 2637 pateret
443 2563 552 2620 Latum
576 2563 614 2622 ab
642 2579 664 2620 x
691 2560 814 2622 tribunis
842 2561 939 2638 plebis
962 2573 1065 2622 contra
1090 2563 1133 2624 di-

141 2659 275 2720 centibus
302 2658 437 2732 inimicis,
465 2662 581 2722 Catone
613 2679 683 2719 vero
716 2657 858 2720 acerrime
884 2671 1067 2736 repugnante
1101 2670 1133 2722 et

141 2755 264 2834 pristina
279 2755 493 2817 consuetudine
512 2755 632 2816 dicendi
651 2776 734 2815 mora
752 2755 815 2816 dies
834 2757 1013 2829 extrahente,
1033 2765 1066 2816 ut
1086 2757 1133 2819 sui

140 2854 216 2913 ratio
243 2852 372 2913 absentis
400 2854 563 2925 haberetur,
591 2851 658 2929 ipso
685 2855 808 2912 consule
836 2853 1000 2931 Pompei03
1027 2853 1080 2931 qui
1108 2853 1133 2916 si

141 2947 345 3023 improbasset,
367 2967 418 3006 cur
445 2946 512 3006 ferri
536 2967 639 3024 passus
664 2949 763 3007 esset?
790 2947 815 3006 si
838 2951 1000 3024 probasset,
1023 2969 1077 3008 eur
1100 2969 1134 3013 se

109 3043 186 3119 4uti
216 3043 319 3121 populi
352 3043 498 3103 beneficio
530 3042 749 3119 prohibuisset?
784 3044 959 3104 Patientiam
993 3046 1135 3123 proponit

143 3159 236 3210 suam,
256 3157 325 3198 cum
346 3138 384 3198 de
404 3136 579 3198 exercitibus
602 3138 786 3199 dimittendis
809 3142 886 3199 ultro
908 3141 1136 3222 postulavisset3

143 3236 174 3295 in
188 3254 248 3311 quo
264 3233 404 3292 iacturam
418 3232 568 3310 dignitatis
582 3246 672 3310 atque
686 3235 806 3295 honoris
824 3235 888 3312 ipse
901 3238 1031 3298 facturus
1044 3247 1134 3304 esset

111 3346 129 3411 5
143 3327 343 3390 acerbitatem
357 3326 544 3388 inimicorum
558 3330 655 3401 docet,
670 3329 729 3406 qul,
746 3332 829 3406 quod
842 3332 880 3390 ab
896 3333 988 3393 altero
1004 3336 1137 3410 postula·

141 3437 217 3499 rent,
244 3425 276 3484 in
302 3443 335 3485 se
362 3435 530 3484 recusarent
556 3437 646 3501 atque
674 3426 775 3486 omnia
806 3427 974 3504 permisceri
1000 3431 1138 3513 mallent,
