2476 3870
144 163 180 220 16
435 164 502 221 DE
528 162 678 222 BELLO
708 164 758 223 CI
760 164 855 221 VILI

109 316 127 373 6
141 335 229 391 posse
247 313 293 392 agi
312 317 351 376 de
364 316 587 392 compositione.
624 318 670 376 Ita
684 316 801 392 saepius
815 335 877 376 rem
891 319 997 376 frustra
1010 327 1137 396 tempta-

141 421 200 470 tam
216 413 327 472 Caesar
345 412 505 486 aliquando
518 411 727 472 dimittendam
741 411 798 472 sibi
818 410 930 472 iudicat
948 424 978 473 et
999 414 1037 473 de
1055 414 1137 475 bello

140 507 297 580 agendum.

109 620 122 658 1
199 604 331 661 XXVII.
375 604 471 678 Prope
491 601 615 660 dimidia
634 613 717 679 parte
732 602 830 679 operis
848 625 867 663 a
885 606 1011 665 Caesare
1030 606 1137 667 effecta

138 697 302 774 diebusque
330 697 361 757 in
389 717 425 757 ea
452 717 483 758 re
510 697 695 773 consumptis
724 716 767 771 rx,
797 718 888 759 naves
915 719 934 758 a
963 699 1135 762 consulibus

139 794 303 870 Dyrrachio
334 794 481 869 remissae,
513 814 590 871 quae
625 795 754 872 priorem
782 806 896 873 partem
925 798 1067 857 exercitiis
1095 819 1135 859 eo

107 892 373 968 adeportaverant,
410 891 598 951 Brundisium
633 905 823 954 revertuntur.
877 894 1037 971 Pompeius
1071 896 1135 957 sive

138 991 277 1066 operibus
305 989 440 1052 Caesaris
467 1000 618 1065 permotus
651 990 712 1051 sive
745 991 842 1064 etiam,
872 993 955 1069 quod
982 993 1020 1053 ab
1047 991 1134 1052 initio

139 1084 224 1143 Italia
246 1086 388 1144 excedere
409 1084 609 1159 constituerat,
626 1085 757 1144 adventu
779 1085 897 1145 navium
918 1085 1133 1162 profectionem

105 1200 239 1257 3parare
260 1180 363 1258 incipit
384 1191 422 1253 et,
444 1200 505 1257 quo
526 1180 640 1240 facilius
664 1179 808 1257 impetum
835 1181 969 1242 Caesaris
994 1184 1133 1257 tardaret,

137 1298 176 1338 ne
190 1281 244 1338 sub
258 1278 322 1354 ipsa
336 1277 518 1356 profectione
533 1277 640 1338 milites
654 1277 799 1354 oppidum
814 1277 1015 1356 irrumperent,
1031 1292 1133 1356 portas

137 1376 270 1448 obstruit,
284 1375 366 1436 vicos
384 1377 556 1452 plateasque
576 1374 753 1448 inaedificat,
769 1378 861 1435 fossas
880 1386 1058 1437 transversas
1077 1377 1132 1436 viis

136 1472 288 1549 praeducit
315 1483 404 1548 atque
431 1472 473 1531 ibi
500 1473 589 1532 sudes
617 1472 791 1549 stipitesque
818 1484 992 1549 praeacutos
1020 1476 1130 1552 deligit.

103 1574 224 1643 4Haec
251 1571 364 1631 levibus
397 1570 524 1630 cratibus
557 1582 691 1648 terraque
724 1570 872 1648 inaequat,
901 1571 998 1632 aditus
1029 1584 1132 1633 autern

136 1678 226 1742 atque
246 1666 350 1727 itinera
371 1668 440 1740 duo,
461 1687 538 1743 quae
559 1678 639 1727 extra
658 1688 773 1726 murum
792 1669 831 1726 ad
851 1679 967 1743 portum
987 1670 1130 1743 ferebant,

135 1765 268 1824 maximis
296 1765 400 1825 defixis
427 1765 558 1824 trabibus
585 1777 675 1842 atque
699 1767 741 1824 eis
765 1765 929 1841 praeacutis
956 1767 1130 1842 praesaepit.

104 1876 119 1935 5
137 1857 195 1918 His
214 1859 321 1935 paratis
340 1860 428 1919 rebus
446 1858 554 1918 milites
574 1859 690 1919 silentio
709 1878 799 1918 naves
819 1860 1019 1919 conscendere
1035 1858 1127 1936 iubet,

135 1955 288 2030 expeditos
315 1967 414 2015 autem
448 1977 484 2016 ex
516 1956 654 2029 evocatis
687 1955 840 2034 sagittariis
872 1955 1130 2032 funditoribusque

24 2037 26 2042 ยน
102 2054 214 2111 6raros
245 2052 276 2110 in
309 2073 393 2112 muro
425 2053 613 2130 turribusque
646 2052 785 2130 disponit.
830 2055 898 2112 Hos
930 2064 1011 2113 certo
1044 2052 1130 2130 signo

133 2169 271 2210 revocare
303 2151 465 2222 constituit,
494 2171 562 2210 cum
598 2170 702 2211 omnes
730 2149 837 2209 milites
870 2170 960 2210 naves
988 2170 1131 2212 conscen-

133 2246 253 2320 dissent,
269 2256 358 2323 atque
372 2247 414 2306 eis
429 2247 569 2322 expedito
586 2249 654 2307 loco
668 2247 797 2306 actuaria
813 2245 927 2324 navigia
941 2247 1085 2324 relinquit.

97 2362 110 2402 1
188 2345 337 2402 XXVIII.
382 2344 550 2404 Brundisini
579 2343 828 2420 Pompeianorum
858 2344 984 2403 militum
1016 2344 1129 2404 iniuriis

133 2428 223 2517 atque
249 2441 341 2518 ipsius
369 2442 494 2518 Pompei
518 2441 704 2502 contumeliis
731 2443 857 2520 permoti
882 2441 1016 2504 Caesaris
1040 2444 1129 2503 rebus

101 2541 278 2600 afavebant.
322 2541 428 2614 Itaque
452 2537 571 2614 cognita
595 2539 720 2615 Pompei
745 2537 928 2615 profectione
952 2559 1129 2599 concursan-

132 2636 211 2696 tibus
232 2635 288 2694 illis
308 2647 398 2710 atque
419 2634 507 2694 inea
527 2654 558 2694 re
579 2635 731 2711 occupatis
751 2637 840 2710 vulgo
862 2655 899 2694 ex
918 2635 1005 2696 tectis
1022 2636 1126 2712 signifi-

132 2735 247 2792 cabant.
284 2733 341 2790 Per
354 2749 430 2806 quos
444 2750 474 2789 re
489 2731 607 2806 cognita
622 2735 731 2792 Caesar
745 2733 838 2790 scalas
853 2731 946 2807 parari
960 2731 1127 2810 militesque

131 2828 236 2887 armari
260 2827 350 2900 iubet,
376 2846 415 2886 ne
439 2847 529 2902 quam
552 2829 595 2887 rei
621 2829 768 2905 gerendae
792 2830 963 2888 facultatem
987 2829 1125 2890 dimittat.

99 2921 291 2996 3Pompeius
316 2922 371 2979 sub
396 2931 515 2979 noctem
539 2939 631 2980 naves
655 2921 748 2980 solvit.
792 2920 852 2994 Qui
881 2931 963 2980 erant
986 2921 1018 2980 in
1041 2941 1127 2982 muro

130 3015 283 3075 custodiae
304 3035 393 3075 causa
411 3015 558 3086 collocati,
572 3035 608 3075 eo
631 3017 723 3092 signo,
742 3017 824 3092 quod
842 3027 1030 3088 convenerat,
1045 3037 1128 3078 revo-

97 3124 234 3186 4cantur
263 3111 399 3186 notisque
432 3110 586 3170 itineribus
614 3112 652 3170 ad
680 3131 769 3171 naves
797 3113 962 3172 decurrunt.
1013 3113 1126 3173 Milites

130 3209 233 3285 positis
257 3207 342 3266 scalis
367 3226 466 3266 muros
490 3207 664 3280 ascendunt,
689 3208 742 3267 sed
767 3207 872 3266 moniti
893 3227 909 3266 a
932 3206 1125 3282 Brundisinis,

131 3316 164 3364 ut
186 3306 296 3362 vallum
319 3322 442 3362 caecum
466 3300 618 3379 fossasque
642 3314 774 3376 caveant,
799 3302 961 3362 subsistunt
984 3313 1014 3363 et
1034 3305 1127 3381 longo

131 3399 235 3457 itinere
255 3399 294 3456 ab
315 3396 360 3455 his
380 3396 573 3456 circumducti
594 3399 633 3456 ad
654 3409 772 3473 portum
793 3396 966 3472 perveniunt
990 3399 1127 3474 duasque
