2476 3870
325 191 410 249 ΜΒ.
438 191 466 248 I.
513 188 603 248 CAP.
633 189 864 247 XLII—XLV.
1057 207 1093 268 25

102 346 227 408 barbaro
248 365 356 424 genere
377 344 507 421 quodam
528 361 647 420 pugnae
668 330 842 416 assuefacti3
869 343 952 419 quod
972 345 1031 403 sere
1052 344 1127 420 fit,3

102 444 211 522 quibus
239 443 364 520 quisque
391 441 421 501 in
450 441 523 502 locis
549 441 634 501 miles
666 439 879 513 inveteraverit,
908 451 940 501 ut
970 443 1096 502 multum
1182 469 1206 481 -

103 562 204 611 earum
222 540 376 618 regionum
393 537 610 600 consuetudine
628 548 788 599 moveatur.
834 540 922 598 Haec
938 549 1002 598 tum
1020 538 1129 611 ratio4

104 650 220 700 nostros
234 636 416 717 perturbavit
426 637 559 697 insuetos
573 634 660 696 huius
673 634 789 714 generis
800 654 930 713 pugnae:
952 635 1097 695 circumiri

104 738 183 806 enim
203 757 268 799 sese
286 738 325 797 ab
343 747 447 813 aperto
465 738 556 796 latere
574 735 816 814 procurrentibus
835 733 957 810 singulis
973 734 1094 794 arbitra·

104 838 230 914 bantur;
257 835 314 913 ipsi
335 846 436 896 autem
459 854 529 894 suos
551 833 672 894 ordines
694 851 809 892 servare
833 850 930 906 neque
948 833 987 891 ab
1006 831 1096 909 signis

104 933 255 993 discedere
266 952 364 1010 neque
375 931 440 992 sine
449 931 530 1008 gravi
540 949 630 990 causa
641 949 708 989 eum
720 930 830 1002 locum,
841 946 932 1004 quem
946 939 1094 1004 ceperant,

103 1031 212 1093 dimitti
222 1043 398 1093 censuerant
409 1044 553 1108 oportere.
592 1033 698 1106 Itaque
709 1027 887 1106 perturbatis
897 1027 1127 1106 antesignanis5

103 1129 189 1206 legio,
204 1149 281 1206 quae
296 1131 326 1188 in
342 1148 379 1189 eo
394 1148 486 1188 cornu
501 1127 683 1199 constiterat,
699 1128 799 1186 locum
813 1145 876 1186 non
895 1127 990 1186 tenuit
1007 1136 1096 1201 atque

103 1225 135 1285 in
148 1226 315 1302 proximum
329 1226 436 1286 collem
452 1243 517 1284 sese
530 1223 652 1300 recepit.
670 1209 678 1235 '¹

163 1324 255 1382 XLV.
299 1323 411 1384 Caesar
423 1340 520 1398 paene
533 1321 615 1381 omni
629 1319 693 1380 acie
708 1319 867 1397 perterrita,
883 1321 966 1395 quod
979 1331 1096 1397 praeter
1114 1343 1126 1381 1

104 1419 276 1499 opinionem
304 1417 612 1495 consuetudinemque
638 1417 795 1490 acciderat,
824 1417 995 1478 cohortatus
1027 1438 1096 1478 suos

103 1518 251 1595 legionem
272 1537 383 1577 nonam
404 1515 537 1577 subsidio
558 1515 659 1591 ducit;
686 1517 804 1576 hostem
825 1515 986 1576 insolenter
1006 1527 1096 1593 atque

103 1615 207 1676 acriter
215 1626 332 1675 nostros
343 1615 548 1691 insequentem
559 1613 715 1690 supprimit
724 1633 882 1690 rursusque
893 1624 976 1692 terga
984 1626 1097 1676 vertere

104 1734 195 1792 seque
213 1716 252 1775 ad
272 1712 416 1793 oppidum
432 1714 560 1773 Ilerdam
577 1712 708 1790 recipere
722 1724 752 1772 et
766 1713 821 1773 sub
836 1733 921 1774 muro
936 1713 1096 1776 consistere

103 1811 190 1890 cogit.
234 1813 293 1872 Sed
312 1829 410 1870 nonae
427 1809 552 1887 legionis
570 1810 678 1870 milites
697 1810 766 1871 elati
780 1810 888 1884 studi0‚
903 1812 976 1871 dum
991 1812 1097 1873 sarcire
1113 1834 1128 1872 2

103 1922 259 1988 acceptum
294 1907 502 1970 detrimentum
535 1910 649 1980 volunt,
678 1919 790 1969 temere
821 1906 948 1968 insecuti
980 1908 1096 1987 longius

102 2007 256 2084 fugientes
277 2005 307 2065 in
337 2007 434 2065 locum
461 2005 570 2064 inicum
596 2006 822 2083 progrediuntur
839 2017 868 2065 et
883 2006 938 2066 sub
953 2017 1095 2080 montem,

103 2104 134 2164 in
154 2123 214 2180 quo
232 2114 295 2163 erat
313 2103 458 2180 oppidum
478 2104 606 2181 positum
629 2105 736 2176 Ilerda,
752 2106 923 2164 succedunt.
968 2103 1050 2164 Hinc
1064 2125 1128 2184 se3

103 2201 233 2279 recipere
253 2221 323 2261 cum
344 2202 462 2274 vellent,
481 2221 579 2261 rursus
600 2201 642 2260 illi
662 2222 698 2262 ex
718 2202 786 2261 loco
807 2201 960 2278 superiore
980 2214 1096 2263 nostros

104 2300 287 2377 premebant.
329 2300 509 2375 Praeruptus
529 2300 612 2358 locus
637 2310 708 2370 erat,
730 2310 854 2374 utraque
879 2319 914 2358 ex
938 2310 1022 2376 parte
1046 2302 1129 2374 de·4
1157 2344 1181 2356 a

103 2408 208 2468 rectus,
223 2415 258 2454 ac
276 2406 393 2454 tantum
412 2395 441 2454 in
463 2394 651 2455 latitudinem
670 2398 800 2472 patebat,
815 2406 849 2455 ut
865 2406 924 2456 tres
937 2395 1096 2458 instructae

103 2493 240 2552 cohortes
251 2511 320 2551 eum
330 2493 430 2551 locum
442 2494 604 2568 explerent,
619 2503 651 2551 ut
665 2511 764 2569 neque
778 2492 911 2552 subsidia
923 2513 942 2552 a
956 2495 1095 2554 lateribus

103 2588 247 2649 summitti
261 2607 359 2664 neque
373 2588 486 2665 equites
500 2589 703 2649 laborantibus
717 2589 782 2649 usui
797 2610 861 2650 esse
875 2602 1004 2668 possent.
1047 2593 1095 2652 Ab
1111 2610 1127 2671 5

103 2684 214 2762 oppido
228 2696 327 2744 autem
347 2685 467 2745 declivis
482 2687 566 2746 locus
579 2686 662 2746 tenui
676 2687 792 2764 fastigio
808 2690 946 2764 vergebat
960 2688 991 2747 in
1005 2687 1095 2765 longi-
1145 2726 1167 2740 ‚.

102 2782 237 2841 tudinem
252 2800 392 2857 passuum
405 2782 519 2842 circiter
533 2797 616 2844 ecce.
660 2784 730 2843 Hac
749 2784 855 2844 nostris
874 2796 935 2845 erat
948 2796 1094 2862 receptus,
1110 2788 1128 2844 6

103 2882 186 2956 quod
201 2898 238 2940 eo
251 2879 363 2939 incitati
384 2880 483 2939 studio
502 2879 696 2941 inconsultius
710 2894 933 2958 processerant3
954 2884 1011 2942 hoc
1025 2904 1095 2961 pug-

102 2979 229 3038 nabatur
246 2978 323 3050 loco,
339 2989 368 3038 et
386 2990 507 3055 propter
525 2979 674 3055 angustias
693 2979 795 3056 iniquo
812 2991 843 3041 et
856 2982 939 3058 quod
954 2983 1010 3042 sub
1024 2981 1094 3060 ipsis

101 3073 251 3134 radicibus
278 3074 388 3134 montis
416 3075 617 3149 constiterant,
634 3087 666 3136 ut
690 3078 805 3136 nullum
826 3079 931 3138 frustra
951 3080 1044 3139 telum
1062 3078 1094 3138 in

102 3191 154 3233 eos
168 3171 336 3232 mitteretur.
372 3174 488 3233 Tamen
502 3173 608 3234 virtute
622 3184 653 3233 et
666 3173 808 3250 patientia
822 3175 991 3235 nitebantur
1003 3187 1094 3254 atque

101 3267 204 3330 omnia
217 3269 338 3326 vulnera
356 3268 548 3329 sustinebant.
592 3272 786 3346 Augebantur
802 3271 859 3330 illis
873 3271 986 3349 copiae,
1002 3284 1092 3350 atque
1109 3291 1125 3350 7

101 3385 137 3426 ex
151 3364 253 3424 castris
267 3365 404 3425 cohortes
418 3385 471 3442 per
489 3366 634 3443 oppidum
654 3369 759 3428 crebro
778 3368 1045 3444 summittebantur,
1061 3381 1094 3432 ut

101 3463 204 3539 integri
220 3461 341 3522 defessis
355 3464 555 3523 succederent.
593 3467 665 3524 Hoc
679 3465 758 3524 idem
775 3469 885 3527 Caesar
900 3469 1006 3524 lacere
1017 3469 1147 3533 cogens
