2476 3870
132 201 170 259 30
419 183 487 242 DE
512 181 663 242 asaro
693 183 838 242 θῖνα]

130 339 251 399 traiecit.
294 337 353 413 Qui
377 337 565 414 inopinantes
588 338 777 415 pabulatores
804 348 834 398 et
862 338 925 398 sine
952 340 1013 398 ullo
1040 337 1129 400 dissi-

131 448 216 514 patos
231 435 335 496 timore
350 436 478 512 aggressi
492 455 633 512 magnum
648 455 803 496 numerum
817 435 1016 496 iumentorum
1033 449 1128 514 atque

100 555 115 595 2
131 534 283 593 hominum
294 533 486 610 intercipiunt
491 556 500 609 ;
518 532 747 611 cohortibusque
756 534 874 594 cetratis
885 533 1017 594 subsidio
1028 534 1128 594 missis

131 631 258 691 scienter
284 629 314 690 in
342 633 416 691 duas
444 642 543 708 partes
567 651 631 691 sese
655 631 843 704 distribuunt,
865 631 921 704 alii,
943 642 975 691 ut
996 632 1128 708 praedae

131 727 279 805 praesidio
300 727 367 800 sint,
382 727 440 802 alii,
460 738 493 788 ut
513 727 700 789 venientibus
721 727 857 788 resistant
876 741 965 806 atque
986 749 1037 790 eos
1059 749 1129 806 pro·

100 847 117 904 3
132 829 251 903 pellant,
267 846 417 904 unamque
434 828 597 899 cohortem,
613 845 690 902 quae
709 838 820 887 temere
833 839 902 888 ante
916 839 1028 888 ceteras
1043 836 1130 887 extra

132 924 226 984 aciem
240 935 429 1002 procurrerat,
443 926 587 984 seclusam
602 925 640 983 ab
654 923 772 1001 reliquis
786 923 1022 985 circumveniunt
1034 934 1129 1001 atque

132 1021 310 1081 interficiunt
327 1021 550 1097 incolumesque
569 1041 637 1080 cum
657 1041 763 1098 magna
781 1022 893 1098 praeda
911 1022 1019 1082 eodem
1031 1032 1129 1098 ponte

132 1119 163 1178 in
176 1129 272 1178 castra
285 1129 477 1179 revertuntur.

103 1235 116 1278 1
193 1219 272 1276 LVI.
317 1219 397 1276 Dum
413 1219 487 1277 haec
505 1217 544 1276 ad
559 1218 688 1277 Ilerdam
703 1227 849 1294 geruntur,
866 1217 1066 1278 Massilienses
1081 1219 1130 1279 usi

133 1316 166 1373 L.
190 1313 315 1374 Domitii
337 1313 462 1374 consilio
484 1334 574 1373 naves
594 1315 698 1390 longas
718 1312 880 1390 expediunt
901 1334 1024 1374 numero
1046 1332 1127 1388 xv11,

102 1431 118 1470 a
133 1432 255 1488 quarum
271 1421 353 1472 erant
366 1429 400 1470 xr
416 1421 520 1471 tectae.
558 1412 656 1470 Multa
670 1412 729 1471 huc
743 1411 857 1470 minora
872 1412 987 1488 navigia
1000 1415 1128 1488 addunt,

132 1520 165 1568 ut
185 1507 250 1585 ipsa
270 1507 459 1569 multitudine
479 1519 579 1568 nostra
600 1509 701 1569 classis
719 1520 866 1570 terreatur.
911 1513 1055 1588 Magnum
1075 1531 1131 1572 nu·

133 1625 247 1668 merum
266 1605 489 1682 sagittariorum,
505 1625 646 1683 magnum
661 1606 844 1679 Albicorum,
860 1608 898 1666 de
917 1608 1024 1684 quibus
1038 1628 1131 1685 supra

134 1705 368 1764 demonstratum
389 1714 442 1778 est,
462 1702 619 1780 imponunt
640 1715 729 1780 atque
749 1705 804 1764 hos
825 1704 962 1781 praemiis
982 1705 1129 1782 pollicita·

102 1801 323 1880 3tionibusque
342 1800 475 1861 incitant
520 1804 623 1862 Certas
643 1801 698 1862 sibi
717 1801 852 1878 deposcit
871 1823 961 1862 naves
977 1802 1130 1865 Domitius

133 1912 223 1977 atque
247 1903 299 1959 has
324 1899 438 1960 colonis
466 1900 701 1977 pastoribusque,
721 1920 797 1977 quos
825 1919 926 1960 secum
953 1901 1129 1976 adduxerat,

134 1999 271 2075 complet.
314 1997 361 2057 Sic
375 1997 513 2057 omnibus
532 1998 620 2056 rebus
635 1999 776 2056 instructa
790 1999 882 2056 classe
898 2018 1005 2075 magna
1018 1998 1131 2060 fiducia

134 2097 174 2156 ad
198 2106 311 2156 nostras
335 2115 424 2155 naves
452 2096 626 2172 procedunt,
652 2095 759 2171 quibus
787 2106 920 2172 praeerat
948 2098 985 2154 D.
1010 2099 1129 2157 Brutus.

136 2196 205 2253 Hae
232 2195 272 2254 ad
299 2193 433 2266 insulam,
462 2212 538 2268 quae
570 2204 615 2254 est
647 2204 750 2253 contra
781 2192 953 2269 Massiliam,
984 2193 1131 2255 stationes

135 2291 317 2353 obtinebant.

104 2410 119 2452 ι
195 2391 292 2448 LVII.
337 2390 408 2448 Erat
435 2389 529 2448 multo
557 2388 675 2449 inferior
701 2408 825 2448 numero
855 2387 974 2447 navium
1003 2392 1130 2466 Brutus;

136 2487 189 2547 sed
210 2487 320 2547 electos
340 2506 377 2546 ex
397 2486 534 2546 omnibus
555 2486 722 2564 legionibus
743 2484 916 2546 fortissimos
939 2485 1024 2559 viros,
1046 2496 1131 2548 ante·

136 2582 284 2658 signanos,
301 2581 497 2654 centuriones
520 2582 675 2643 Caesarei
696 2581 782 2641 classi
803 2580 982 2655 attribuerat,
999 2579 1052 2658 qui
1072 2580 1132 2643 sibi

104 2678 168 2740 aid
186 2679 315 2739 muneris
332 2680 580 2757 depoposcerant.
622 2679 666 2738 Hi
685 2698 790 2738 manus
803 2679 911 2738 ferreas
924 2689 1014 2755 atque
1026 2679 1133 2756 harpa-

136 2795 229 2853 gones
252 2786 424 2852 paraverant
448 2794 617 2852 magnoque
641 2793 766 2834 numero
789 2772 925 2850 pilorum,
950 2775 1132 2850 tragularum

135 2873 374 2948 reliquorumque
388 2874 513 2932 telorum
528 2892 560 2932 se
573 2871 776 2932 instruxerant.
804 2871 850 2929 Ita
864 2870 984 2947 cognito
998 2871 1131 2934 hostium

136 2970 266 3028 adventu
285 2988 352 3027 suas
371 2987 461 3027 naves
480 2987 517 3028 ex
534 2978 623 3043 portu
643 2967 782 3039 educunt,
803 2985 870 3024 cum
893 2965 1132 3030 Massiliensibus

105 3067 307 3143 3confligunt.
351 3067 517 3140 Pugnatum
536 3075 581 3125 est
599 3063 746 3140 utrimque
764 3061 922 3122 fortissime
943 3074 1032 3140 atque
1051 3085 1133 3126 acer-

137 3161 228 3236 rime;
262 3179 359 3236 neque
393 3163 520 3219 multum
555 3160 652 3221 Albici
689 3161 795 3220 nostris
829 3159 935 3219 virtute
971 3160 1131 3236 cedebant,

105 3256 273 3331 4homines
297 3256 393 3333 asperi
417 3268 447 3317 et
470 3256 605 3316 montani
629 3267 660 3317 et
684 3255 833 3317 exercitati
857 3254 888 3315 in
908 3255 1132 3335 arm1s3atque

137 3354 168 3414 hi
192 3355 284 3414 modo
304 3353 426 3430 digressi
450 3375 470 3414 a
492 3354 728 3416 Massiliensibus
752 3364 901 3414 recentem
922 3373 1024 3414 eorum
1044 3357 1133 3431 polli-

132 3449 307 3511 citationem
335 3450 440 3510 animis
471 3451 672 3524 continebant,
701 3462 892 3529 pastoresque
923 3451 1048 3512 Domitii
1076 3473 1132 3532 spe
