2476 3870
245 172 330 229 LIB.
360 172 387 229 J.
435 172 525 229 CAP.
556 172 941 231 LXXXIV—LXXXVI.
1052 189 1089 246 45

101 336 216 401 paratas
238 345 335 401 neque
352 324 524 383 summissos
540 325 631 383 duces
648 323 689 383 rei
705 323 835 383 militaris
849 324 965 400 peritos
1011 324 1091 383 Nihil
1107 340 1123 398 7

100 423 206 480 horum
227 423 265 481 ad
286 423 436 498 pacandas
462 421 632 496 Hispanias,
654 421 727 479 nihil
750 424 790 481 ad
814 441 899 481 usum
924 421 1092 497 provinciae

100 517 257 592 provisum,
270 536 348 593 quae
359 529 478 592 propter
493 515 714 575 diuturnitatem
729 517 810 592 pacis
824 520 937 576 nullum
951 517 1091 577 auxilium

100 614 279 673 desiderarit
324 614 434 674 Omnia
452 616 525 674 haec
543 615 733 691 iampridem
754 628 858 676 contra
878 637 909 676 se
929 617 1040 695 parari:
1061 618 1091 676 in
1107 622 1124 676 8

101 729 132 768 se
146 711 216 769 novi
235 711 348 786 generis
365 711 488 787 imperia
502 711 650 782 constitui,
667 723 699 770 ut
713 713 792 772 idem
807 715 846 773 ad
860 725 960 790 portas
973 715 1091 775 urbanis

100 808 266 885 praesideat
285 811 373 868 rebus
395 820 424 868 et
445 811 518 868 duas
540 808 777 867 bellicosissimas
798 809 964 885 provincias
983 814 1091 872 absens

100 917 144 968 tot
165 909 250 968 annis
267 908 417 980 obtineat,
438 907 515 967 inse
530 907 593 966 iura
612 909 834 984 magistratuum
853 909 1037 981 commutari,
1053 929 1091 969 ne
1106 931 1123 986 9

100 1024 137 1065 ex
153 1016 289 1081 praetura
302 1017 332 1064 et
346 1005 508 1076 consulatu,
524 1017 556 1062 ut
575 1023 700 1080 semper,
716 1005 769 1064 sed
783 1024 836 1081 per
849 1025 960 1081 paucos
974 1007 1090 1082 probati

100 1113 130 1161 et
150 1101 237 1162 electi
257 1101 288 1160 in
309 1101 474 1178 provincias
495 1100 663 1174 mittantur3
683 1098 714 1158 in
733 1120 765 1160 se
784 1100 873 1160 etiam
888 1103 991 1162 aetatis
1007 1123 1091 1163 excu-

100 1200 246 1260 sationem
271 1200 343 1258 nihil
362 1201 467 1271 valere,
489 1198 560 1275 quin
591 1198 789 1275 superioribus
810 1200 893 1259 bellis
914 1202 1031 1276 probati
1052 1204 1089 1262 ad

100 1298 278 1356 obtinendos
306 1298 448 1355 exercitus
477 1307 654 1369 evocentur,
683 1295 713 1354 in
742 1315 773 1355 se
801 1316 862 1356 uno
887 1317 947 1357 non
972 1299 1088 1372 servari,
1107 1321 1143 1359 ιο

99 1394 180 1468 quod
205 1393 242 1452 sit
267 1393 404 1452 omnibus
429 1395 530 1452 datum
555 1411 671 1468 semper
694 1392 928 1469 imperatoribus,
950 1407 981 1454 ut
1002 1397 1090 1457 rebus

98 1489 220 1550 feliciter
240 1490 329 1567 gestis
349 1500 401 1548 aut
421 1508 488 1547 cum
511 1489 623 1547 honore
642 1488 743 1564 aliquo
763 1501 813 1548 aut
830 1502 909 1549 certe
928 1490 991 1550 sine
1010 1493 1090 1569 igno

99 1583 190 1643 minia
211 1585 335 1643 domum
357 1594 538 1642 revertantur
561 1582 780 1658 exercitumque
801 1583 959 1645 dimittant
1004 1587 1089 1661 Quae
1109 1609 1139 1646 ιι

99 1693 199 1740 tamen
219 1680 320 1741 omnia
339 1691 368 1740 et
382 1700 414 1740 se
428 1680 529 1738 tulisse
543 1678 687 1755 patienter
701 1692 730 1739 et
744 1699 810 1741 esse
823 1682 949 1740 laturum
962 1704 970 1756 ;
992 1703 1089 1760 neque

99 1799 178 1838 nunc
197 1779 228 1839 id
247 1797 342 1855 agere,
359 1790 390 1836 ut
408 1778 446 1836 ab
465 1775 521 1835 illis
540 1777 703 1835 abductum
723 1779 882 1837 exercitum
901 1789 1001 1839 teneat
1016 1780 1087 1858 ipse,

98 1877 181 1951 quod
201 1886 302 1935 tamen
323 1874 379 1934 sibi
399 1873 517 1932 difficile
538 1892 600 1931 non
619 1872 664 1944 sit,
680 1874 733 1932 sed
750 1893 788 1933 ne
807 1873 848 1933 illi
869 1876 1006 1952 habeant,
1028 1898 1087 1954 quo

98 1985 200 2033 contra
220 1993 252 2032 se
270 1971 313 2031 uti
329 1972 454 2049 possint.
498 1969 634 2039 Proinde,
650 1984 682 2028 ut
702 1982 780 2030 esset
793 1970 915 2044 dictum,
931 1973 1087 2049 provinciis
1107 1999 1139 2036 12

98 2071 274 2129 excederent
295 2068 513 2143 exercitumque
534 2067 732 2136 dimitterent;
760 2067 784 2126 si
805 2068 836 2127 id
858 2068 895 2127 sit
915 2071 1034 2143 facturn,
1056 2095 1088 2134 se

98 2165 263 2224 nociturum
279 2163 396 2223 nemini.
442 2166 531 2222 Hanc
545 2183 634 2221 unam
649 2175 738 2240 atque
754 2178 912 2224 extremam
927 2185 991 2226 esse
1006 2171 1087 2244 pacis

96 2263 310 2323 condicionem.

158 2361 326 2419 LXXXVI.
369 2360 408 2418 Id
434 2378 504 2418 vero
536 2357 676 2418 militibus
708 2359 762 2419 suit
790 2372 958 2436 pergratum
986 2375 1016 2424 et
1046 2365 1116 2426 iu-1

96 2458 237 2529 cundum,
259 2469 291 2516 ut
312 2476 348 2516 ex
368 2457 431 2532 ipsa
452 2454 665 2531 significatione
686 2456 824 2530 cognosci
846 2457 950 2534 potuit,
974 2473 1013 2532 ut,
1036 2463 1086 2539 qui

96 2554 209 2630 aliquid
236 2552 304 2612 iusti
331 2551 513 2612 incommodi
539 2552 795 2627 exspectavissent,
818 2555 895 2615 ultro
922 2559 1085 2633 praemium

96 2649 243 2711 missionis
262 2651 379 2723 ferrent.
423 2651 499 2706 Nam
521 2668 589 2708 curn
611 2650 734 2708 deloco
755 2662 784 2709 et
805 2661 940 2727 tempore
961 2653 1023 2712 eius
1045 2656 1116 2715 reia

94 2747 294 2808 controversia
307 2747 467 2817 inferretur,
484 2756 512 2805 et
528 2765 600 2805 voce
614 2757 644 2806 et
658 2746 793 2806 manibus
808 2748 934 2808 universi
949 2769 984 2810 ex
998 2755 1086 2828 va110,

95 2844 147 2903 ubi
170 2843 369 2914 constiterant,
392 2841 555 2918 significare
583 2854 752 2919 coeperunt,
774 2855 805 2901 ut
834 2844 932 2903 statim
960 2845 1086 2910 dimitte·

94 2952 203 3012 rentur,
223 2958 320 3014 neque
341 2937 423 2997 omni
444 2937 618 3014 interposita
641 2939 700 2997 fide
720 2940 835 2997 firmum
861 2960 924 3001 esse
945 2962 1041 3018 posse,
1060 2945 1083 3004 si

94 3037 124 3097 in
141 3037 222 3096 aliud
241 3047 360 3111 tempus
377 3035 547 3094 differretur.
591 3034 695 3094 Paucis
712 3055 779 3094 curn
795 3049 872 3096 esset
886 3036 916 3096 in
930 3050 1084 3116 utramque
1099 3063 1115 3118 3

93 3145 207 3210 partem
229 3131 325 3191 verbis
345 3131 535 3208 disputatum,
552 3151 598 3190 res
612 3132 671 3189 huc
688 3132 851 3202 deducitur,
867 3145 899 3192 ut
913 3133 948 3205 ei,
964 3137 1015 3211 qui
1036 3139 1084 3197 ha-

92 3231 184 3291 beant
198 3228 379 3288 domicilium
394 3241 445 3288 aut
459 3228 677 3304 possessionem
691 3227 721 3286 in
734 3228 889 3303 Hispania,
903 3232 1009 3304 statim,
1022 3235 1084 3294 reli·

92 3324 143 3402 qui
157 3326 195 3384 ad
209 3326 321 3383 Varum
336 3326 445 3383 flumen
457 3323 640 3383 dimittantur
645 3344 654 3395 ;
674 3323 795 3399 nequid
809 3323 851 3382 eis
865 3338 1012 3398 noceatur,
1025 3348 1082 3388 neu
1098 3350 1116 3406 4

92 3421 158 3497 quis
172 3421 280 3480 invitus
295 3433 511 3480 sacramentum
527 3420 624 3480 dicere
639 3433 768 3496 cogatur,
783 3441 799 3478 a
816 3422 941 3482 Caesare
954 3437 1087 3482 cavetur.
