2476 3870
365 204 451 261 ΠΒ.
480 203 506 260 I.
555 202 644 260 CAP.
674 201 709 259 X
713 201 864 260 VI-XX.
1082 217 1114 257 11

124 355 211 431 ponit
218 377 226 429 3
246 355 292 415 his
306 356 407 415 castris
419 355 579 417 Curionem
594 355 743 431 praefecit.
767 352 902 430 Reliquis
916 350 1021 412 diebus
1036 350 1118 427 oppi·
1131 352 1149 409 6

124 453 195 511 dum
207 454 285 513 vallo
300 454 487 531 castellisque
501 453 730 513 circummunire
744 452 877 512 instituit.
914 451 1006 513 Cuius
1020 447 1117 526 operis

124 550 251 609 maxima
266 562 348 628 parte
367 554 472 613 effecta
491 551 597 612 eodem
614 553 675 612 fere
693 562 826 628 tempore
845 548 926 609 missi
941 570 959 608 a
973 545 1116 623 Pompeio

123 660 313 708 revertuntur.

183 747 269 804 XIX.
311 746 428 806 Litteris
452 745 587 823 perlectis
616 745 767 805 Domitius
788 743 976 805 dissimulans
997 743 1027 801 in
1048 761 1146 802 con-1

123 845 188 905 silio
215 845 393 922 pronuntiat,
424 845 600 920 Pompeium
629 843 762 904 celeriter
789 841 922 902 subsidio
950 852 1115 911 venturum,

122 944 312 1017 hortaturque
339 961 400 1014 eoS,
429 961 468 1001 ne
499 941 600 1001 animo
633 940 780 1012 deficiant,
810 960 946 1017 quaeque
980 937 1046 997 usui
1077 937 1116 996 ad

122 1040 344 1099 defendendum
373 1039 516 1115 oppidum
544 1039 611 1111 sint,
641 1049 752 1116 parent.
810 1041 879 1114 Ipse
906 1055 1014 1096 arcano
1047 1053 1146 1093 cuma

121 1136 223 1211 paucis
256 1135 447 1194 familiaribus
475 1136 535 1195 suis
569 1137 747 1213 colloquitur
780 1134 997 1210 consiliumque
1029 1134 1115 1208 fugae

121 1253 227 1310 capere
247 1234 406 1294 constituit.
443 1236 522 1295 Cum
543 1237 640 1294 vultus
663 1233 788 1293 Domitii
808 1253 877 1294 cum
898 1231 1032 1292 oratione
1052 1250 1114 1289 non

121 1332 300 1392 consentiret
324 1343 413 1407 atque
440 1331 541 1390 omnia
568 1330 762 1408 trepidantius
790 1328 980 1404 timidiusque
1006 1338 1114 1404 ageret,

121 1450 210 1506 quarn
230 1428 428 1505 superioribus
450 1428 556 1489 diebus
576 1439 756 1499 consuesset,
772 1429 957 1502 multumque
972 1445 1041 1483 curn
1056 1423 1115 1484 suis

121 1526 297 1586 consiliandi
315 1546 405 1586 causa
425 1537 540 1586 secreto
561 1539 678 1604 praeter
696 1525 945 1586 consuetudinem
965 1524 1115 1599 colloque-

120 1636 205 1698 retur,
224 1624 351 1685 concilia
371 1636 596 1702 conventusque
617 1624 772 1683 hominum
794 1627 915 1700 fugeret,
936 1641 981 1681 res
1003 1622 1114 1682 diutius

121 1721 179 1799 tegi
207 1722 442 1799 dissimularique
468 1743 529 1782 non
553 1724 657 1799 potuit.
702 1721 862 1798 Pompeius
887 1721 967 1780 enim
994 1719 1147 1796 rescrip-3

121 1832 204 1892 serat,
227 1841 291 1880 sese
318 1840 380 1879 rem
409 1820 440 1879 in
468 1841 616 1880 summum
644 1820 806 1896 periculum
832 1820 1028 1879 deducturum
1052 1838 1114 1877 non

120 1937 193 1990 esse,
215 1937 313 1993 neque
341 1937 394 1977 suo
422 1917 546 1977 consilio
575 1928 625 1976 aut
654 1917 805 1976 voluntate
830 1915 996 1976 Domitium
1024 1935 1055 1976 se
1082 1914 1114 1974 in

120 2015 262 2092 oppidum
291 2015 454 2076 Corfinium
484 2017 664 2076 contulisse:
699 2015 833 2091 proinde,
863 2014 888 2074 si
920 2035 978 2092 qua
1012 2013 1147 2088 suisset4

118 2113 250 2185 facultas,
272 2114 311 2171 ad
332 2133 364 2172 se
384 2133 451 2170 cum
478 2112 617 2172 omnibus
641 2113 736 2189 copiis
761 2113 881 2173 veniret.
926 2114 964 2172 Id
988 2133 1027 2172 ne
1051 2113 1114 2172 fieri

119 2220 228 2285 posset,
245 2208 402 2270 obsidione
416 2221 506 2286 atque
522 2208 625 2288 oppidi
639 2209 915 2270 circummunitione
930 2211 1027 2271 fiebat.

179 2309 246 2365 XX.
290 2307 449 2384 Divulgato
486 2308 611 2368 Domitii
645 2309 769 2369 consilio
805 2307 919 2382 milites,
949 2308 1001 2386 qui
1031 2318 1143 2369 erantr

119 2402 251 2478 Corfinii,
270 2404 365 2480 primo
385 2404 499 2481 vesperi
518 2405 716 2465 secessionem
737 2405 849 2464 faciunt
867 2416 957 2481 atque
976 2405 1018 2465 ita
1038 2404 1114 2466 inter

119 2519 151 2559 se
164 2520 217 2577 per
231 2499 365 2559 tribunos
379 2500 504 2560 militum
520 2501 770 2578 centurionesque
784 2513 875 2578 atque
889 2502 1113 2562 honestissimos

118 2593 162 2652 sui
183 2595 297 2670 generis
319 2599 521 2658 collocuntur:
542 2599 670 2660 obsideri
681 2619 713 2659 se
727 2620 745 2659 a
758 2602 901 2674 Caesare3
916 2620 1006 2678 opera
1020 2601 1113 2660 muni·
1128 2623 1144 2661 2

119 2693 273 2770 tionesque
301 2714 394 2771 prope
416 2715 481 2754 esse
502 2699 660 2772 persectas3
691 2698 798 2756 ducem
823 2717 909 2756 suum
936 2698 1112 2772 Domitium,

118 2791 200 2851 cuius
228 2811 280 2868 spe
307 2804 396 2868 atque
424 2793 533 2852 fiducia
559 2794 782 2871 permanserint,
811 2794 948 2871 proiectis
975 2795 1112 2856 omnibus

118 2891 204 2965 fugae
227 2889 383 2948 consilium
408 2909 530 2966 capere:
560 2893 670 2951 debere
695 2911 726 2950 se
751 2911 821 2951 suae
845 2891 946 2952 salutis
967 2893 1111 2954 rationem

118 2989 235 3048 habere.
278 2989 326 3047 Ab
345 2987 390 3047 his
409 2989 505 3065 primo
526 2989 619 3048 Marsi
639 2990 794 3050 dissentire
820 2991 963 3067 incipiunt
987 3011 1144 3070 eamque3

117 3083 220 3160 oppidi
235 3095 357 3158 partem,
370 3104 446 3160 quae
461 3086 657 3147 munitissima
670 3087 826 3161 videretur,
841 3101 989 3164 occupant
994 3112 1002 3164 ;
1017 3101 1110 3151 tanta·
1126 3114 1145 3167 4

117 3200 176 3257 que
194 3180 270 3241 inter
288 3201 339 3240 eos
358 3184 504 3243 dissensio
523 3184 644 3258 exsistit,
664 3198 695 3244 ut
714 3207 834 3246 manum
854 3207 1008 3250 conserere
1022 3203 1111 3268 atque

116 3277 203 3337 armis
232 3277 372 3338 dimicare
400 3291 562 3354 conentur3
590 3296 657 3358 post
685 3287 774 3359 paulo
802 3295 901 3345 tamen
925 3285 1111 3350 internuntiis

116 3374 193 3432 ultro
212 3371 344 3449 citroque
361 3372 466 3448 missis,
487 3397 563 3453 quae
583 3379 767 3455 ignorabant,
786 3381 825 3441 de
844 3383 879 3440 L.
900 3382 1025 3442 Domitii
1043 3384 1112 3460 suga

116 3481 306 3547 cognoscunt.
351 3474 459 3549 Itaque
487 3495 591 3535 omnes
619 3497 680 3537 uno
708 3478 835 3538 consilio
859 3480 1039 3538 Domitium
1053 3498 1128 3546 qm-
1143 3493 1172 3541 t,
