2476 3870
147 196 184 247 4²
426 177 493 234 DE
520 177 671 236 BELLO
702 177 750 235 CI
753 178 845 234 VILl

145 329 244 386 hortes
264 325 420 403 relinquit3
448 328 522 386 hora
541 344 564 386 x
584 327 723 403 subsequi
747 329 943 403 pabulatores,
965 328 1137 406 equitesque

143 425 271 484 revocari
293 424 381 485 iubet
426 425 568 486 Celeriter
588 423 734 503 equitatus
760 428 800 487 ad
814 428 1010 488 cottidianum
1025 427 1136 488 itineris

110 539 127 597 5
143 520 271 581 officium
286 520 443 580 revertitur.
481 524 633 598 Pugnatur
645 521 750 581 acriter
759 524 798 581 ad
813 522 1005 582 novissimum
1019 542 1135 600 agmen,

143 620 220 678 adeo
234 629 266 678 ut
278 639 375 696 paene
390 632 470 696 terga
483 629 657 678 convertant
671 622 895 696 compluresque
915 619 1030 691 milites,
1046 618 1135 678 etiam

143 734 204 773 non
223 715 295 774 nulli
314 714 743 788 centuriones,interficiuntur.
787 716 921 774 Instabat
937 734 1042 790 agmen
1063 716 1135 775 Cae·

143 811 214 870 saris
227 823 317 887 atque
330 790 499 871 universum
514 811 695 870 imminebat

114 928 124 965 1
203 911 342 968 LXXXI.
385 911 464 968 Tum
486 929 555 969 vero
577 929 673 986 neque
697 911 735 968 ad
761 912 974 986 explorandum
995 911 1135 970 idoneum

143 1007 242 1065 locum
264 1003 365 1064 castris
387 1024 484 1080 neque
503 1008 541 1066 ad
561 1006 809 1084 progrediendum
827 1007 896 1066 data
914 1007 1052 1066 facultate
1066 1027 1135 1065 con·

143 1101 249 1162 sistunt
270 1102 437 1163 necessario
458 1115 488 1164 et
507 1105 610 1180 procul
626 1107 665 1162 ab
682 1123 759 1179 aqua
776 1115 806 1164 et
824 1115 928 1163 natura
946 1103 1049 1179 iniquo
1068 1105 1136 1162 loco

111 1213 237 1260 acastra
257 1212 380 1278 ponunt.
426 1202 483 1261 Sed
509 1201 603 1260 isdem
628 1203 667 1262 de
691 1199 787 1260 causis
812 1204 929 1271 Caesar,
951 1221 1028 1276 quae
1049 1219 1137 1276 supra

147 1308 215 1356 sunt
236 1298 461 1367 demonstratae,
479 1292 592 1371 proelio
613 1293 739 1370 amplius
761 1314 820 1352 non
842 1283 957 1354 lacessit
976 1306 1007 1354 et
1027 1315 1064 1355 eo
1084 1296 1132 1355 die

148 1395 334 1454 tabernacula
347 1391 434 1451 statui
446 1411 548 1468 passus
563 1411 624 1452 non
634 1402 687 1464 est,
697 1411 757 1467 quo
768 1390 925 1466 paratiores
936 1403 1033 1450 essent
1044 1393 1083 1451 ad
1093 1391 1133 1449 in-

115 1510 131 1566 3
147 1490 329 1566 sequendum
345 1509 456 1563 omnes,
471 1488 531 1548 sive
543 1501 633 1549 noctu
648 1487 708 1548 sive
719 1487 844 1548 interdiu
855 1501 1049 1565 erumperent.
1087 1489 1133 1546 Illi

147 1586 351 1646 animadverso
375 1584 447 1645 vitio
471 1596 630 1644 castrorum
660 1596 722 1644 tota
745 1596 833 1644 nocte
860 1584 1038 1644 munitiones
1065 1604 1132 1661 pro-

147 1683 243 1741 ferunt
256 1672 407 1758 castraque
422 1681 522 1740 castris
541 1693 722 1740 convertunt.
767 1682 837 1740 Hoc
853 1679 933 1740 idem
953 1692 1071 1756 postero
1085 1680 1134 1738 die

148 1777 278 1859 aprima
298 1779 366 1838 luce
384 1777 495 1837 faciunt
517 1789 670 1853 totumque
690 1780 720 1836 in
740 1797 775 1836 ea
795 1797 826 1836 re
847 1778 926 1836 diem
945 1787 1131 1838 consumunt.

143 1869 201 1929 Sed
216 1879 360 1946 quantum
374 1887 463 1944 opere
477 1877 680 1944 processerant
694 1877 723 1926 et
738 1877 832 1924 castra
848 1868 1037 1941 protulerant,
1052 1877 1136 1927 tanto

144 1969 266 2025 aberant
285 1966 323 2024 ab
337 1985 416 2042 aqua
429 1967 553 2040 longius,
570 1975 599 2023 et
615 1962 760 2039 praesenti
777 1965 855 2021 nralo
870 1962 933 2021 aliis
947 1963 1031 2021 malis
1045 1982 1135 2022 reme·

112 2063 195 2134 4dia
213 2063 366 2122 dabantur.
411 2061 509 2120 Prima
528 2072 616 2120 nocte
635 2059 764 2136 aquandi
778 2079 867 2118 causa
887 2079 976 2118 nemo
990 2059 1135 2136 egreditur

145 2179 181 2218 ex
194 2158 314 2232 castris,
334 2157 466 2235 proximo
486 2157 535 2217 die
549 2156 696 2233 praesidio
710 2155 740 2215 in
754 2154 856 2215 castris
870 2157 972 2215 relicto
987 2157 1135 2216 universas

111 2273 127 2330 5
143 2256 182 2315 ad
196 2274 303 2331 aquam
325 2253 426 2330 copias
440 2254 579 2322 educunt,
594 2255 765 2330 pabulatum
781 2252 922 2312 emittitur
936 2273 1033 2313 nemo,
1077 2253 1136 2313 His

144 2371 195 2411 eos
223 2349 373 2427 suppliciis
401 2352 478 2410 male
506 2350 606 2409 haberi
632 2352 740 2411 Caesar
764 2360 794 2409 et
819 2349 1015 2409 necessariam
1038 2349 1136 2409 subire

144 2447 326 2508 deditionem
361 2467 450 2524 quam
484 2446 598 2523 proelio
632 2447 782 2507 decertare
817 2447 953 2505 malebat.
1004 2449 1135 2506 Conatur

145 2556 245 2604 tamen
266 2563 317 2604 eos
338 2545 415 2602 vallo
435 2543 573 2618 fossaque
594 2541 828 2614 circummunire,
846 2553 879 2601 ut
899 2562 988 2618 quarn
1009 2542 1135 2603 maxime

144 2641 312 2719 repentinas
340 2661 442 2701 eorum
470 2641 640 2716 eruptiones
668 2641 854 2715 demoretur3
882 2660 942 2716 quo
970 2640 1135 2701 necessario

112 2740 339 2799 6deseensuros
360 2737 552 2798 existimabat.
596 2737 644 2796 Illi
665 2749 695 2797 et
715 2737 816 2814 iuopia
837 2736 939 2814 pabuli
960 2738 1089 2810 adducti,
1105 2748 1135 2798 et

145 2854 206 2910 quo
227 2845 325 2910 essent
346 2835 382 2892 ad
405 2837 461 2892 iter
480 2833 682 2910 expeditiores,
705 2833 806 2892 omnia
827 2831 984 2891 sarcinaria
1004 2833 1136 2894 iumenta

145 2930 269 2991 interfici
282 2929 392 2990 iubent.

116 3048 127 3088 r
207 3029 365 3085 LXXXII.
408 3029 445 3085 In
468 3025 513 3086 his
537 3027 675 3104 operibus
700 3025 888 3102 consiliisque
916 3025 1039 3086 biduum
1066 3049 1135 3089 con·

146 3122 288 3195 sumitur3
315 3121 401 3181 tertio
426 3121 474 3182 die
495 3142 603 3198 magna
621 3121 680 3180 iam
700 3141 768 3198 pars
792 3119 889 3197 operis
913 3123 1047 3182 Caesaris
1070 3144 1135 3201 pro

146 3230 282 3279 cesserat.
325 3217 374 3276 Illi
394 3217 603 3294 impediendae
622 3216 752 3292 reliquae
770 3216 941 3278 munitionis
958 3238 1046 3279 causa
1063 3223 1136 3280 hora

146 3314 260 3373 circiter
289 3329 323 3371 rx
355 3312 440 3389 signo
472 3314 543 3372 dato
570 3313 700 3389 legiones
731 3312 861 3372 educunt
893 3313 1047 3391 aciemque
1079 3319 1134 3375 sub

117 3409 248 3470 acastris
268 3407 423 3467 instruunt.
466 3409 575 3469 Caesar
595 3410 633 3467 ab
654 3427 744 3485 opere
760 3407 891 3485 legiones
912 3421 1037 3482 revocat,
1055 3413 1135 3488 equi·
