2476 3870
135 215 172 269 24
254 267 255 270 Ἴ
420 198 489 257 DE
514 198 664 258 BELLO
693 196 840 258 CIVILI

132 347 265 408 continet
280 358 318 421 et,
333 348 415 424 quod
426 347 543 425 longius
558 358 621 408 erat
634 367 723 425 agger
741 349 898 426 petendus,
913 348 945 408 in
958 346 1133 426 praesentia

133 443 257 504 similem
285 445 430 504 rationem
457 447 555 523 operis
583 445 708 506 instituit
735 446 910 524 singulaque
942 449 1033 508 latera
1065 467 1145 508 cass.

109 575 111 578 ·
133 553 243 602 trorum
262 542 384 619 singulis
400 542 531 604 attribuit
552 542 717 621 legionibus
738 543 901 605 munienda
917 545 1070 621 fossasque
1086 546 1132 606 ad
1158 540 1166 551 ”

133 639 259 698 eandem
283 637 518 715 magnitudinem
542 640 644 715 perfici
667 639 768 713 iubet3
794 640 921 716 reliquas
942 638 1075 715 legiones
1095 638 1131 700 in

102 755 117 793 2
134 737 221 794 armis
237 736 391 813 expeditas
409 747 513 796 contra
526 739 643 798 hostem
658 737 820 798 constituit.
862 737 1001 797 Afranius
1018 736 1131 796 Petrei·

134 852 228 910 usque
249 832 377 892 terrendi
398 853 488 893 causa
508 846 598 910 atque
619 835 716 911 operis
737 833 920 912 impediendi
941 833 1042 912 copias
1058 853 1132 895 suas

134 931 173 990 ad
193 929 309 989 infimas
330 930 440 991 montis
461 932 575 992 radices
597 934 766 1010 producunt
787 944 818 994 et
836 933 951 1010 proelio
968 935 1130 1006 lacessunt,

102 1045 232 1103 3neque
259 1025 370 1086 idcirco
399 1029 508 1088 Caesar
531 1048 606 1105 opus
631 1028 805 1103 intermittit,
827 1031 958 1090 confisus
978 1027 1132 1106 praesidio

96 1145 120 1198 14
134 1125 283 1201 legionum
312 1125 398 1185 trium
423 1137 452 1186 et
476 1127 641 1186 munitione
665 1128 770 1187 fossae.
813 1127 861 1186 Illi
885 1146 948 1186 non
970 1125 1021 1186 diu
1044 1144 1131 1186 corn-

134 1225 240 1285 morati
267 1243 324 1283 nec
350 1224 467 1301 longius
494 1225 533 1283 ab
560 1223 663 1285 infimo
692 1225 768 1284 colle
796 1223 943 1302 progressi
970 1222 1073 1302 copias
1096 1222 1130 1283 in

103 1340 118 1400 5
131 1333 225 1382 castra
238 1322 393 1382 reducunt.
434 1321 537 1382 Tertio
555 1321 605 1380 die
620 1324 730 1382 Caesar
743 1323 821 1381 vallo
835 1332 931 1381 castra
949 1320 1132 1397 communit;

134 1421 259 1497 reliquas
287 1420 432 1492 cohortes,
455 1439 527 1496 quas
552 1419 583 1479 in
608 1419 805 1497 superioribus
833 1419 935 1479 castris
961 1418 1130 1496 reliquerat,

134 1516 406 1594 impedimentaque
419 1517 459 1576 ad
473 1536 504 1576 se
519 1515 634 1576 traduci
647 1517 736 1576 iubet.

105 1634 119 1674 1
195 1616 312 1674 XLIII,
356 1615 426 1673 Erat
453 1613 528 1673 inter
557 1614 703 1690 oppidum
737 1614 865 1674 Ilerdam
898 1623 928 1674 et
959 1611 1132 1691 proximum

135 1713 250 1786 collem,
266 1711 318 1771 ubi
337 1723 431 1771 castra
451 1712 583 1771 Petreius
601 1723 691 1788 atque
704 1710 844 1770 Afranius
858 1711 1017 1784 habebant,
1033 1712 1131 1789 plani·

136 1810 191 1870 ties
211 1809 324 1870 circiter
344 1829 485 1887 passuum
506 1825 571 1882 ccc,
592 1821 682 1885 atque
702 1809 734 1868 in
754 1810 813 1869 hoc
834 1807 1012 1869 reremedio
1030 1808 1132 1885 spatio

104 1909 266 1967 atumulus
289 1919 351 1967 erat
374 1908 464 1984 paulo
489 1905 611 1981 editior;
636 1925 725 1983 quem
750 1905 775 1965 si
794 1904 1000 1982 occupavisset
1020 1906 1133 1967 Caesar

136 2014 166 2064 et
179 2003 399 2076 communisset,
421 2004 460 2063 ab
484 2003 596 2080 oppido
622 2014 651 2062 et
676 2013 768 2079 ponte
793 2015 823 2063 et
847 2013 1015 2063 commeatu
1036 2005 1130 2078 omni,

136 2121 224 2178 quern
238 2100 269 2160 in
284 2101 430 2178 oppidum
445 2103 640 2175 contulerant,
656 2120 687 2159 se
702 2101 928 2160 interclusurum
946 2100 1133 2163 adversarios

103 2199 312 2272 3confidebat.
358 2199 430 2256 Hoc
456 2215 578 2273 sperans
606 2195 738 2273 legiones
766 2213 804 2255 111
832 2215 870 2256 ex
896 2194 1000 2256 castris
1027 2197 1132 2259 educit

135 2295 257 2370 acieque
272 2295 302 2353 in
316 2294 388 2354 locis
403 2292 518 2353 idoneis
533 2294 674 2353 instructa
688 2293 774 2353 unius
785 2293 909 2370 legionis
919 2293 1133 2370 antesignanos

103 2410 303 2468 4procurrere
325 2403 415 2468 atque
438 2411 505 2452 eum
531 2393 678 2450 tumulum
703 2410 848 2469 occupare
873 2391 962 2451 iubet.
1005 2391 1074 2466 Qua
1098 2412 1132 2454 re

136 2490 254 2566 cognita
270 2488 409 2563 celeriter,
431 2487 556 2566 quaein
576 2489 704 2548 statione
722 2509 776 2566 pro
794 2489 895 2549 castris
915 2499 998 2549 erant
1017 2489 1132 2550 Afranii

136 2586 281 2656 cohortes,
304 2584 436 2644 breviore
456 2585 560 2646 itinere
580 2587 620 2646 ad
641 2587 769 2644 eundem
795 2586 1004 2662 occupandum
1028 2587 1131 2647 locum

105 2699 120 2759 5
137 2682 298 2742 mittuntur.
342 2681 539 2742 Contenditur
555 2682 669 2759 proelio
688 2693 727 2752 et,
743 2683 825 2758 quod
842 2682 921 2759 prius
938 2681 969 2742 in
982 2686 1132 2746 tumulum

136 2778 287 2838 Afraniani
323 2790 471 2850 venerant,
499 2780 592 2840 nostri
624 2782 805 2857 repelluntur
836 2791 925 2858 atque
957 2780 1021 2841 aliis
1052 2802 1133 2844 surn-

137 2875 233 2936 missis
262 2876 399 2936 subsidiis
432 2888 514 2954 terga
540 2888 653 2938 vertere
682 2897 773 2954 seque
800 2879 840 2938 ad
867 2878 950 2955 signa
977 2878 1132 2957 legionum

136 2976 267 3050 recipere
280 2985 433 3050 coguntur.

107 3089 121 3130 1
197 3070 307 3128 XLIV.
352 3071 454 3129 Genus
473 3079 534 3128 erat
552 3088 671 3146 pugnae
690 3068 817 3128 militum
831 3069 958 3144 illorum,
973 3082 1006 3132 ut
1019 3091 1133 3150 magno

137 3163 250 3241 impetu
289 3166 385 3242 primo
424 3178 635 3242 procurrerent,
672 3166 811 3226 audacter
844 3168 944 3227 locum
978 3183 1132 3248 caperent,

139 3262 258 3321 ordines
280 3280 350 3320 suos
372 3280 434 3320 non
453 3281 562 3338 magno
581 3281 671 3340 opere
692 3273 850 3337 servarent,
869 3263 925 3323 rari
945 3264 1133 3346 dispersique

107 3380 124 3420 a
139 3370 306 3436 pugnarent
314 3382 323 3434 ;
344 3359 369 3418 si
388 3371 597 3435 premerentur,
611 3362 722 3437 pedem
741 3363 846 3421 referre
860 3373 890 3421 et
903 3363 972 3423 loco
985 3366 1133 3429 excedere

129 3476 196 3513 rron
217 3466 304 3531 turpe
323 3455 531 3529 existimarent,
549 3477 617 3514 curn
635 3456 782 3516 Lusitanis
801 3457 980 3536 reliquisque
997 3462 1133 3526 barbaris
