2476 3870
342 176 426 232 LIB.
456 175 482 231 J.
529 175 619 233 CAP.
649 176 862 234 LX-LXIV.
1044 199 1096 254 .33

46 366 58 420 ν
108 337 169 386 erat
193 328 338 403 oppidum
363 326 493 402 positum
518 327 556 387 ad
582 326 730 386 Hiberum
755 327 894 402 miliaque
917 349 1056 405 passuum
1080 351 1099 390 a

108 425 208 484 castris
222 428 323 484 aberat
337 442 411 484 xxx.
447 426 497 484 Ad
510 444 578 484 eum
593 426 691 484 locum
706 425 834 483 fluminis
849 425 972 485 navibus
991 425 1099 486 iunctis

107 531 230 597 pontem
257 520 403 598 imperant
430 521 492 580 fieri
519 520 709 599 legionesque
737 522 810 580 duas
838 523 948 581 flumen
975 522 1097 582 Sicorim

106 617 281 688 traducunt;
309 628 403 675 castra
424 617 597 676 muniuntur
615 618 695 676 vallo
715 618 823 693 pedum
846 635 900 676 x11.

170 714 269 771 LXII.
315 714 383 787 Qua
397 731 428 772 re
442 731 495 788 per
515 714 713 790 exploratores
733 715 852 789 cognita
866 733 983 774 summo
996 715 1098 775 labore
1116 737 1127 774 1

108 808 232 867 militum
257 811 367 870 Caesar
387 809 562 870 continuato
583 811 662 870 diem
684 821 863 887 noctemque
884 831 975 888 opere
995 811 1026 870 in
1047 813 1097 871 tlu-

107 905 186 965 mine
210 907 370 965 avertendo
396 908 454 966 huc
478 906 537 966 iam
556 927 618 967 rem
647 908 818 976 deduxerat,
838 919 870 966 ut
895 907 1017 983 equites,
1043 907 1097 967 etsi

107 1003 263 1062 difficulter
275 1013 365 1078 atque
379 1023 465 1079 aegre
484 1005 581 1074 tiebat,
598 1015 720 1080 possent
738 1013 839 1064 tamen
853 1015 942 1080 atque
956 1005 1098 1064 auderent

106 1099 216 1159 flumen
227 1098 356 1171 transire,
370 1100 484 1176 pedites
494 1120 565 1160 vero
576 1112 691 1160 tantum
703 1101 794 1159 modo
809 1099 915 1158 umeris
929 1120 965 1158 ac
980 1119 1097 1159 summo
1113 1121 1128 1157 2

105 1207 225 1272 pectore
240 1209 387 1257 exstarent
402 1209 431 1258 et
446 1217 513 1256 cum
529 1197 683 1256 altitudine
698 1217 793 1273 aquae
812 1208 875 1256 tum
889 1196 979 1256 etiam
993 1197 1099 1273 rapidi·

105 1303 165 1352 tate
193 1292 321 1352 fluminis
349 1295 388 1353 ad
416 1295 626 1353 transeundum
651 1291 869 1368 impedirentur.
913 1293 972 1351 Sed
997 1303 1128 1368 tamen3

105 1389 210 1447 eodem
231 1391 291 1449 iere
310 1401 444 1466 tempore
461 1409 537 1465 pons
556 1389 586 1446 in
607 1388 723 1448 Hibero
741 1407 835 1464 prope
850 1389 969 1448 effectus
984 1388 1097 1448 nuntia·

104 1486 198 1556 hatur,
214 1485 287 1543 etin
303 1484 394 1543 Sicori
407 1487 516 1544 vadum
531 1483 737 1559 reperiebatur.

166 1584 281 1640 LXIII.
326 1583 389 1639 Iam
408 1601 477 1640 vero
495 1601 531 1640 eo
550 1580 642 1656 magis
659 1579 700 1638 illi
720 1583 928 1640 maturandum
950 1580 1004 1641 iter
1024 1580 1125 1640 exis-1

105 1679 256 1737 timabant.
304 1680 410 1753 Itaque
433 1678 549 1737 duabus
573 1676 760 1736 auxiliaribus
784 1677 956 1736 cohortibus
981 1678 1095 1737 Ilerdae

104 1775 251 1852 praesidio
271 1775 379 1833 relictis
396 1774 535 1834 omnibus
552 1773 645 1851 copiis
666 1773 790 1834 Sicorim
809 1784 962 1834 transeunt
980 1785 1095 1834 etcum

104 1874 219 1931 duabus
245 1869 416 1946 legionibus,
444 1889 517 1946 quas
542 1870 739 1946 superioribus
765 1870 870 1928 diebus
898 1872 1094 1943 traduxerant,

103 1983 198 2029 castra
217 1969 348 2045 iungunt
393 1968 629 2044 Relinquebatur
646 1965 766 2027 Caesari
783 1965 863 2037 nihil,
882 1966 938 2026 nisi
956 1967 999 2026 uti
1016 1968 1094 2044 equi·
1110 1989 1125 2027 2

103 2077 166 2125 tatu
183 2085 289 2142 agmen
308 2063 540 2124 adversariorum
561 2064 637 2122 male
653 2063 776 2122 haberet
787 2075 816 2121 et
831 2073 970 2138 carperet.
1013 2066 1094 2124 Pons

104 2163 182 2222 enim
201 2161 293 2239 ipsius
310 2182 449 2239 magnum
467 2161 623 2221 circuitum
639 2161 776 2232 habebat,
796 2170 829 2219 ut
848 2161 942 2218 multo
962 2159 1094 2220 breviore

102 2261 206 2321 itinere
223 2260 264 2318 illi
281 2262 321 2320 ad
341 2260 488 2319 Hiberum
508 2259 660 2335 pervenire
681 2269 811 2334 possent.
856 2258 977 2334 Equites
997 2259 1035 2318 ab
1056 2278 1125 2335 eo3

103 2358 184 2417 missi
208 2358 317 2416 flumen
342 2367 492 2416 transeunt
516 2368 553 2427 et,
576 2375 644 2414 cum
669 2356 707 2415 de
731 2355 815 2416 tertia
838 2354 936 2433 vigilia
961 2355 1092 2414 Petreius

103 2464 193 2530 atque
221 2453 357 2512 Afranius
384 2464 479 2511 castra
507 2452 675 2524 movissent,
702 2463 823 2527 repente
847 2471 912 2512 sese
935 2452 974 2510 ad
998 2451 1092 2511 novis·

103 2549 209 2608 simum
231 2569 337 2625 agmen
357 2548 517 2607 ostendunt
534 2559 564 2608 et
582 2567 689 2624 magna
710 2547 897 2606 multitudine
918 2546 1092 2606 circumfusa

103 2644 207 2703 morari
222 2657 310 2720 atque
324 2643 379 2702 iter
392 2643 536 2719 impedire
549 2642 700 2718 incipiunt.

163 2742 272 2799 LXIV.
315 2739 413 2798 Prima
428 2742 494 2799 luce
508 2758 544 2798 ex
558 2738 756 2815 superioribus
770 2737 851 2808 locis,
866 2757 942 2812 quae
957 2736 1091 2798 Caesaris
1108 2758 1120 2796 1

101 2835 202 2894 castris
222 2846 305 2895 erant
325 2834 491 2906 coniuncta,
507 2836 687 2905 cernebatur,
705 2833 852 2909 equitatus
869 2833 960 2891 nostri
976 2832 1090 2908 proelio

102 2931 277 2990 novissimos
304 2930 421 2990 illorum
447 2929 540 3005 premi
564 2932 761 3003 vehementer,
784 2947 819 2988 ac
843 2948 903 2988 non
928 2947 1090 3002 numquam

101 3026 243 3086 sustinere
268 3039 430 3086 extremum
455 3047 561 3103 agmen
586 3040 674 3102 atque
695 3023 875 3100 interrumpi,
897 3024 968 3082 alias
993 3023 1119 3082 inferria

101 3125 184 3200 sIgna
212 3136 241 3183 et
266 3126 464 3183 universarum
489 3123 653 3183 cohortium
679 3123 791 3199 impetu
817 3134 931 3180 nostros
955 3119 1088 3197 propelli,

101 3220 171 3280 dein
192 3240 288 3278 rursus
310 3238 467 3279 conversos
489 3219 611 3296 insequi.
654 3221 739 3279 Totis
764 3237 834 3277 vero
858 3217 958 3276 castris
982 3217 1120 3293 milites3

100 3315 232 3374 circulari
262 3327 292 3374 et
320 3315 428 3386 dolere,
457 3316 572 3374 hostem
602 3333 636 3372 ex
664 3314 801 3372 manibus
832 3312 948 3382 dimitti,
978 3314 1087 3372 bellum

101 3410 266 3470 necessario
286 3409 401 3486 longius
422 3410 508 3481 duci;
533 3410 719 3468 centuriones
743 3408 936 3483 tribunosque
961 3408 1085 3467 militum

183 3538 321 3580 nur..c1v.
340 3541 357 3580 1.
1027 3532 1052 3580 ”a
