2476 3870
137 173 174 230 28
422 172 490 230 DE
516 171 666 230 BELLO
698 171 745 229 CI
749 169 842 229 VILI

134 323 323 399 permittebat
350 343 449 400 neque
481 325 521 384 ad
548 323 640 399 ripam
669 323 829 400 dispositae
860 324 996 383 cohortes
1026 322 1131 382 adver-

103 417 275 478 asariorum
307 420 409 496 perfici
441 419 648 497 patiebantur3
682 418 765 496 quod
797 417 853 477 illis
881 417 1038 494 prohibere
1065 428 1131 478 erat

133 515 220 576 facile
233 536 302 575 cum
317 516 412 593 ipsius
432 516 560 575 fluminis
573 527 678 576 natura
691 507 781 593 atque
797 535 892 592 aquae
911 516 1128 593 magnitudine,

134 623 198 672 tum
222 615 305 690 quod
329 633 366 673 ex
389 613 460 673 totis
483 611 553 689 ripis
575 610 606 671 in
627 631 719 671 unum
739 623 829 690 atque
850 624 1006 690 angustum
1024 614 1130 673 locum

103 712 192 786 3tela
212 709 411 783 iaciebantur3
438 721 528 786 atque
548 719 611 769 erat
631 707 749 769 difficile
771 712 878 770 eodem
899 721 1031 786 tempore
1051 711 1130 787 rapi-

135 807 257 868 dissimo
270 807 392 867 flumine
407 827 497 884 opera
511 808 653 884 perficere
667 819 697 867 et
712 808 771 866 tela
784 807 882 867 vitare.

105 924 118 963 1
195 906 246 966 LI.
289 904 451 965 Nuntiatur
475 904 606 976 Afranio,
628 924 751 980 magnos
779 915 972 979 commeatus,
993 904 1045 981 qui
1072 905 1131 965 iter

135 1002 264 1062 habeant
298 1005 337 1063 ad
371 1005 539 1075 Caesarem,
560 1003 599 1061 ad
624 1004 733 1062 flumen
756 1003 932 1062 constitisse.
975 1005 1130 1063 Venerant

135 1117 172 1158 eo
200 1098 339 1175 sagittarii
367 1119 403 1159 ex
431 1100 565 1171 Rutenis,
594 1099 709 1176 equites
736 1119 774 1159 ex
802 1100 899 1159 Gallia
930 1120 998 1159 cum
1025 1099 1130 1160 multis

135 1197 223 1256 carris
240 1198 414 1275 magnisque
431 1195 660 1273 impedimentis,
676 1207 709 1256 ut
728 1199 782 1255 sert
802 1196 917 1256 Gallica
930 1199 1127 1259 consuetudo.

104 1314 119 1352 2
135 1295 227 1353 Erant
243 1304 394 1371 praeterea
410 1293 554 1370 cuiusque
572 1291 687 1370 generis
701 1293 856 1353 hominum
871 1293 952 1353 milia
965 1293 1082 1355 circiter
1094 1314 1128 1356 vt

135 1408 203 1448 cum
224 1388 315 1449 servis
334 1388 506 1466 libertisque
516 1409 525 1462 ;
545 1390 599 1449 sed
619 1391 717 1448 nullus
736 1390 818 1463 ordo,
837 1391 950 1449 nullum
969 1389 1128 1468 imperium

125 1497 256 1560 certum,
278 1506 346 1546 cum
375 1506 429 1546 suo
457 1486 582 1563 quisque
606 1486 731 1546 consilio
755 1498 885 1549 uteretur
908 1499 997 1565 atque
1020 1508 1129 1551 omnes

135 1584 199 1643 sine
219 1581 323 1642 timore
344 1583 399 1641 iter
418 1583 557 1656 facerent,
577 1582 622 1642 usi
643 1583 826 1660 superiorum
848 1595 1015 1662 temporum
1035 1595 1129 1663 atque

102 1679 270 1756 3itinerum
293 1679 418 1740 licentia
463 1683 556 1740 Erant
579 1683 748 1758 complures
772 1683 891 1742 honesti
910 1684 1127 1759 adulescentes,

135 1788 304 1840 senatorum
325 1776 377 1837 filii
397 1789 428 1839 et
448 1778 559 1838 ordinis
581 1779 741 1856 equestris,
771 1791 854 1840 erant
874 1780 1035 1859 legationes
1059 1783 1130 1843 civi-

134 1885 247 1949 tatum3
268 1887 350 1935 erant
364 1875 451 1952 legati
466 1875 609 1936 Caesaris.
654 1877 721 1935 Hos
740 1895 844 1936 omnes
858 1877 979 1938 flumina
994 1879 1130 1940 contine-

102 1973 214 2045 4bant
257 1973 306 2032 Ad
325 1973 381 2032 hos
399 1971 611 2050 opprimendos
632 1991 701 2030 cum
720 1972 803 2031 omni
821 1973 953 2049 equitatu
974 1973 1129 2054 tribusque

134 2068 300 2146 legionibus
321 2068 460 2129 Afranius
481 2070 519 2128 de
540 2079 629 2129 nocte
649 2069 840 2147 proficiscitur
864 2071 1129 2152 imprudentesque

134 2176 203 2226 ante
217 2165 313 2224 missis
327 2165 475 2242 equitibus
489 2165 662 2242 aggreditur.
700 2165 842 2226 Celeriter
855 2185 920 2228 sese
934 2178 1033 2228 tamen
1048 2171 1129 2231 Galli

104 2281 118 2340 5
136 2262 249 2340 equites
268 2262 430 2339 expediunt
449 2262 654 2340 proeliumque
673 2263 870 2324 committunt
916 2264 962 2338 Ei,
977 2266 1048 2326 dum
1063 2268 1130 2345 pari

135 2359 295 2420 certamine
311 2379 357 2420 res
372 2360 433 2436 geri
448 2359 555 2437 potuit,
570 2379 711 2437 magnum
726 2361 856 2420 hostiurn
870 2381 1025 2422 numerum
1039 2367 1130 2442 pauci

135 2458 317 2531 sustinuere3
337 2459 398 2532 sed,
417 2457 469 2518 ubi
490 2456 574 2534 signa
593 2457 743 2534 legionum
762 2461 1001 2538 appropinquare
1022 2481 1130 2540 coepe-

135 2568 211 2629 runt,
233 2555 335 2632 paucis
360 2555 475 2614 amissis
499 2575 564 2615 sese
590 2556 619 2614 in
644 2558 797 2632 proximos
820 2569 938 2618 montes
961 2561 1126 2622 conferunt

104 2655 208 2712 6Hoc
231 2672 346 2729 pugnae
371 2664 489 2728 tempus
514 2672 653 2728 maguum
682 2653 778 2712 attulit
806 2655 913 2715 nostris
936 2657 975 2715 ad
1003 2659 1130 2720 salutem

136 2761 342 2809 momentum:
375 2747 456 2809 nacti
489 2750 569 2808 enim
600 2749 728 2826 spatium
761 2771 793 2811 se
820 2751 852 2811 in
879 2755 946 2815 loca
978 2755 1131 2832 superiora

136 2855 318 2922 receperunt.
361 2844 530 2906 Desiderati
551 2857 619 2906 sunt
641 2867 678 2906 eo
703 2847 751 2909 die
776 2848 916 2926 sagittarii
940 2850 1055 2912 circiter
1079 2870 1127 2929 ce,

137 2941 251 3020 equites
264 2941 360 3020 pauci,
372 2944 509 3002 calonum
524 2953 614 3020 atque
628 2943 911 3020 impedimentorum
926 2967 987 3006 non
1002 2967 1130 3026 magnus

137 3061 282 3100 numems.
830 3107 834 3117 ¹

107 3158 121 3200 1
197 3139 266 3196 LII.
310 3137 368 3196 His
396 3148 495 3198 tamen
521 3139 936 3215 omnibusannonacrevit;
963 3148 1131 3219 quaesere

137 3253 183 3294 res
201 3253 263 3292 non
283 3236 380 3293 solum
400 3233 503 3311 inopia
521 3237 678 3312 praesenti,
699 3236 859 3297 sedetiam
878 3238 966 3298 futuri
984 3243 1131 3319 temporis

107 3330 243 3392 atimore
266 3329 468 3406 ingravescere
489 3330 650 3392 consuevit.
695 3334 820 3408 Iamque
841 3335 879 3394 ad
899 3336 1036 3397 denarios
1057 3357 1077 3399 ι
1096 3339 1129 3402 in

136 3425 270 3500 singulos
283 3427 400 3485 modios
415 3446 535 3488 annona
549 3440 730 3504 pervenerat,
748 3441 778 3490 et
797 3430 922 3492 militum
936 3433 1011 3494 vires
1026 3437 1130 3515 inopia
