2476 3870
140 216 174 254 12
427 197 494 253 DE
520 194 669 252 BELLO
699 194 749 253 CI
751 192 845 251 VILI

136 351 259 409 ductum
279 349 311 409 in
332 347 486 426 publicum
515 347 731 407 circumsistunt
755 359 785 407 et
809 345 980 406 custodiunt
1004 347 1129 422 legatos-

136 466 194 523 que
208 468 245 507 ex
258 467 312 507 suo
331 466 455 507 numero
469 449 508 508 ad
522 449 678 509 Caesarem
694 446 830 505 mittunt:
852 466 916 505 sese
930 457 1048 523 paratos
1062 464 1129 505 esse

135 554 235 618 portas
247 542 368 621 aperire,
386 563 522 620 quaeque
540 541 735 619 imperaverit,
751 545 847 602 lacere
866 553 895 603 et
910 545 943 603 L.
962 540 1128 603 Domitium

135 642 234 700 vivum
249 644 311 703 eius
326 641 466 718 potestati
480 643 603 701 tradere.

105 756 119 795 1
195 740 281 797 XXI.
325 738 442 814 Quibus
459 741 547 798 rebus
566 738 691 816 cognitis
711 742 829 814 Caesar,
852 738 907 800 etsi
925 740 1024 816 magni
1042 738 1129 799 inter-

135 854 199 894 esse
220 834 414 895 arbitrabatur
432 836 665 914 quamprimum
687 838 802 914 oppido
823 836 911 914 potiri
932 839 1129 912 cohortesque

134 932 173 991 ad
187 952 219 992 se
233 931 263 991 in
277 943 372 991 castra
386 934 549 1006 traducere,
564 954 602 993 ne
616 954 676 1010 qua
692 945 742 994 aut
756 934 959 1011 largitionibus
972 946 1022 994 aut
1037 933 1129 992 animi

135 1029 359 1089 confirmatione
370 1042 421 1089 aut
434 1031 514 1090 salsis
528 1031 638 1092 nuntiis
653 1034 848 1093 commutatio
862 1034 945 1092 fieret
959 1031 1129 1105 voluntatiS,

135 1127 216 1201 quod
237 1145 326 1202 saepe
346 1125 378 1184 in
399 1127 478 1186 bello
499 1127 596 1202 parvis
618 1127 776 1186 momentis
805 1125 904 1203 magni
932 1145 1017 1184 casus
1043 1125 1131 1184 inter·

103 1223 282 1294 2cederent,
306 1234 406 1282 tamen
431 1222 550 1296 veritus,
574 1244 611 1283 ne
638 1224 763 1284 militum
792 1223 913 1283 introitu
938 1235 968 1283 et
993 1222 1130 1283 nocturni

134 1319 275 1395 temporis
298 1319 418 1379 licentia
439 1320 583 1397 oppidum
611 1321 793 1398 diriperetur,
817 1342 877 1395 coe,
903 1323 954 1400 qui
978 1331 1128 1392 venerant,

134 1419 283 1477 collaudat
315 1429 405 1494 atque
436 1418 467 1477 in
501 1419 648 1495 oppidum
677 1420 807 1493 dimittit,
839 1432 937 1497 portas
970 1437 1130 1494 murosque

102 1515 273 1588 3asservari
300 1514 390 1574 iubet.
428 1517 499 1591 Ipse
525 1518 556 1574 in
586 1516 628 1575 eis
657 1516 805 1593 operibus,
828 1537 905 1592 quae
928 1517 1024 1576 lacere
1048 1514 1130 1574 insti·

134 1623 238 1684 tuerat,
260 1612 366 1672 milites
393 1613 533 1690 disponit,
556 1634 617 1674 non
645 1614 731 1675 certis
759 1615 860 1691 spatiis
887 1612 1067 1684 intermissis,
1096 1622 1130 1671 ut

135 1719 195 1770 erat
220 1709 400 1786 superiorum
423 1711 536 1770 dierum
559 1712 754 1783 consuetudo,
778 1713 831 1771 sed
854 1710 1004 1788 perpetuis
1024 1710 1130 1787 vigiliis

136 1805 379 1882 stationibusque,
403 1819 435 1865 ut
456 1807 631 1884 contingant
653 1807 729 1868 inter
751 1828 783 1868 se
797 1820 886 1884 atque
901 1827 1022 1868 omnem
1036 1805 1131 1867 muni·

104 1901 248 1974 4tionem
273 1904 411 1978 expleant
422 1924 429 1975 ;
458 1904 592 1963 tribunos
614 1904 740 1963 militum
765 1915 794 1964 et
819 1907 983 1981 praefectos
1006 1903 1130 1964 circum·

135 1999 224 2058 mittit
245 2010 334 2075 atque
359 2002 500 2072 hortatur,
516 2021 577 2060 non
601 2003 694 2061 solum
720 2003 758 2061 ab
777 2001 980 2078 eruptionibus
995 2014 1129 2074 caveant,

135 2099 298 2159 sedetiam
322 2101 503 2176 singulorum
526 2101 680 2160 hominum
705 2102 839 2160 occultos
863 2099 956 2160 exitus
970 2112 1128 2161 asservent.

104 2199 243 2273 5Neque
271 2216 341 2256 vero
368 2208 428 2255 tanr
456 2198 579 2256 remisso
607 2217 643 2255 ac
675 2197 815 2273 languido
844 2197 944 2256 animo
973 2197 1128 2273 quisquam

102 2298 120 2352 6
136 2294 269 2352 omnium
284 2294 347 2366 suit,
358 2291 407 2368 qui
421 2313 457 2354 ea
471 2305 559 2352 nocte
575 2292 784 2368 conquieverit.
808 2296 905 2352 Tanta
919 2304 981 2353 erat
995 2312 1130 2353 summae

135 2410 231 2450 rerum
259 2389 433 2466 expectatio,
454 2401 486 2448 ut
514 2389 588 2448 alius
616 2388 644 2448 in
671 2389 758 2449 aliam
773 2402 887 2466 partem
912 2401 1012 2450 mente
1039 2399 1131 2466 atque

46 2509 53 2519 ⁸
134 2490 234 2549 animo
256 2490 424 2559 traheretur,
444 2488 516 2563 quid
535 2486 606 2562 ipsis
626 2487 869 2559 Corfiniensibus
891 2487 963 2564 quid
985 2487 1127 2560 Domitio,

134 2586 207 2663 quid
228 2569 365 2656 Lentulo,
381 2583 452 2659 quid
472 2582 592 2660 reliquis
610 2583 767 2658 accideret,
782 2584 833 2660 qui
854 2604 988 2660 quosque
1006 2596 1130 2644 eventus

135 2681 311 2758 exciperent.

105 2798 118 2839 1
195 2781 295 2837 XXII.
341 2778 454 2851 Quarta
483 2776 581 2854 vigilia
611 2777 725 2838 circiter
753 2780 896 2838 Lentulus
927 2778 1064 2856 Spinther
1091 2781 1131 2840 de

135 2895 219 2935 muro
236 2895 305 2935 cum
324 2874 429 2951 vigiliis
449 2874 683 2952 custodibusque
702 2875 810 2936 nostris
827 2875 1023 2952 colloquitur:
1045 2879 1129 2952 velle,

103 2993 119 3032 2
135 2973 159 3032 si
176 2972 232 3033 sibi
251 2975 302 3032 fiat
321 2983 460 3048 potestas,
482 2974 641 3032 Caesarem
663 2973 829 3032 convenire.
874 2976 965 3032 Facta
983 2985 1131 3050 potestate

135 3091 171 3130 ex
192 3069 306 3147 oppido
326 3068 458 3142 mittitur,
481 3089 578 3146 neque
603 3074 641 3130 ab
667 3090 703 3130 eo
727 3070 808 3147 prius
833 3069 997 3129 Domitiani
1023 3069 1131 3132 milites

102 3187 120 3245 3
136 3167 301 3236 discedunt,
316 3187 406 3243 quam
423 3167 454 3227 iu
473 3180 667 3244 conspectum
691 3167 824 3228 Caesaris
838 3168 1008 3227 deducatur.
1052 3170 1131 3229 Cum

135 3284 173 3326 eo
193 3266 231 3324 de
252 3265 345 3324 salute
366 3285 420 3324 sua
439 3267 506 3341 agit,
529 3277 592 3325 orat
610 3276 700 3342 atque
721 3266 864 3338 obsecrat,
887 3277 919 3325 ut
939 3264 995 3324 sibi
1019 3277 1130 3341 parcat,

134 3374 324 3436 veteremque
338 3361 498 3421 amicitiam
513 3374 727 3422 commemorat
743 3363 937 3439 Caesarisque
951 3361 982 3421 in
997 3382 1028 3423 se
1043 3365 1132 3423 bene-

133 3459 195 3517 tcia
216 3460 342 3534 exponit
344 3480 359 3534 ;
383 3479 460 3537 quae
483 3472 565 3519 erant
586 3459 733 3520 maxima:
757 3463 838 3538 quod
859 3481 999 3538 pereum
1020 3461 1051 3520 in
1070 3463 1130 3521 col·
1169 3512 1176 3522 .
