2476 3870
138 197 177 255 32
426 177 494 234 DE
519 177 670 237 anuto
700 177 846 236 crrrrr

108 353 122 395 1
199 336 262 392 LX.
306 312 428 393 Interim
448 335 596 393 Oscenses
616 343 645 393 et
660 331 881 409 Calagurritani,
896 335 946 410 qui
964 343 1047 394 erant
1060 353 1135 394 cum

139 428 319 492 Oscensibus
337 428 505 505 contributi,
520 428 642 490 mittunt
658 430 698 489 ad
717 449 786 489 eum
805 430 918 506 legatos
936 448 1062 507 seseque
1078 428 1136 488 im-

107 549 123 586 a
139 539 240 604 perata
254 529 382 586 facturos
396 527 581 602 pollicentur.
620 530 688 586 Hos
701 529 939 587 Tarraconenses
953 536 983 587 et
997 524 1137 586 Iacetani

139 635 169 684 et
196 622 340 683 Ausetani
368 634 398 684 et
425 624 527 701 paucis
559 635 627 700 post
652 624 758 686 diebus
786 626 1051 702 Illurgavonenses,
1080 623 1137 700 qui

106 722 248 797 3flumen
284 719 431 782 Hiberum
466 721 622 799 attingunt,
649 721 829 783 insecuntur.
900 721 978 782 Petit
1012 722 1051 781 ab
1086 720 1138 781 bis

139 819 287 890 omnibus,
304 829 338 878 ut
359 839 390 879 se
411 820 559 880 frumento
579 818 688 880 iuvent.
732 818 913 879 Pollicentur
931 829 1020 895 atque
1038 817 1139 878 omni·

139 919 195 977 bus
227 915 359 992 undique
391 915 566 994 conquisitis
596 915 736 977 iumentis
768 916 799 975 in
834 928 930 976 castra
963 918 1135 994 deportant.

107 1012 257 1088 4Transit
274 1015 363 1074 etiarn
382 1014 488 1074 cohors
508 1012 756 1091 Illurgavonensis
775 1016 814 1074 ad
834 1034 902 1074 eum
924 1013 1044 1092 cognito
1065 1013 1139 1074 civi-

140 1110 208 1170 tatis
222 1109 346 1171 consilio
360 1121 389 1170 et
404 1109 487 1186 signa
500 1131 537 1170 ex
551 1111 678 1171 statione
692 1112 834 1171 transfert.
872 1114 984 1187 Magna
1000 1110 1140 1171 celeriter

110 1206 334 1286 5commutatio
354 1227 460 1268 rerum.
503 1209 638 1267 Perfecto
659 1219 761 1284 ponte,
778 1207 892 1284 magnis
914 1207 1045 1285 quinque
1066 1207 1140 1269 civi-

141 1303 250 1364 tatibus
277 1305 316 1363 ad
344 1302 504 1363 amicitiam
532 1304 688 1379 adiunctis,
715 1305 852 1382 expedita
875 1325 906 1366 re
934 1302 1138 1380 frumentaria,

141 1401 293 1463 exstinctis
314 1401 479 1462 rumoribus
500 1403 538 1463 de
557 1401 671 1462 auxiliis
689 1401 849 1479 legionum,
864 1421 942 1479 quae
960 1422 1028 1462 cum
1048 1405 1140 1463 Pom-

141 1499 211 1578 peio
239 1519 292 1576 per
321 1498 531 1558 Mauritaniam
559 1499 658 1560 venire
682 1499 866 1574 dicebantur,
888 1501 997 1560 multae
1020 1499 1141 1577 longin-

142 1595 260 1672 quiores
270 1594 403 1655 civitates
415 1597 452 1655 ab
463 1595 587 1656 Afranio
600 1595 771 1656 desciscunt
785 1606 815 1656 et
826 1595 960 1656 Caesaris
973 1595 1140 1656 amicitiam

143 1697 287 1746 secuntur.

113 1813 127 1852 1
204 1794 285 1850 LXI.
329 1791 445 1867 Quibus
469 1793 558 1852 rebus
585 1790 744 1868 perterritis
773 1790 878 1851 animis
902 1789 1140 1852 adversariorum

144 1890 255 1950 Caesar
269 1908 307 1948 ne
326 1907 442 1964 semper
456 1907 566 1964 magno
580 1887 704 1947 circuitu
723 1906 776 1964 per
794 1898 918 1965 pontem
932 1887 1080 1965 equitatus
1094 1907 1141 1948 es-

145 1997 189 2047 set
203 1985 375 2058 mittendus,
390 1995 495 2045 nactus
512 1985 654 2046 idoneum
668 1987 768 2045 locum
790 1987 883 2045 fossas
899 1987 1009 2063 pedum
1022 2003 1091 2047 xxx
1106 1985 1141 2045 in

144 2083 330 2144 latitudinem
356 2085 527 2159 complures
547 2085 645 2143 facere
665 2082 800 2155 instituit,
822 2083 929 2160 quibus
953 2093 1066 2161 partem
1087 2084 1142 2143 ali-

114 2201 128 2238 2
145 2201 235 2258 quam
246 2179 352 2240 Sicoris
363 2191 506 2240 averteret
516 2181 687 2257 vadumque
698 2179 728 2239 in
740 2200 776 2240 eo
788 2179 909 2240 flumine
919 2182 1052 2242 efficeret
1078 2179 1141 2241 His

145 2299 239 2356 paene
267 2279 377 2338 effectis
404 2299 544 2356 magnum
569 2277 600 2337 in
623 2278 760 2338 timorem
785 2278 922 2339 Afranius
947 2271 1142 2354 Petreiusque

146 2374 328 2453 perveniunt,
357 2395 395 2436 ne
427 2375 549 2436 omnino
580 2377 729 2437 frumento
760 2378 932 2454 pabuloque
964 2376 1143 2438 intercludo

145 2485 252 2548 rentur,
281 2474 364 2550 quod
395 2475 520 2533 multum
553 2476 662 2535 Caesar
693 2474 826 2551 equitatu
861 2475 985 2534 valebat.
1032 2476 1143 2551 Itaque

147 2571 330 2633 constituunt
353 2571 410 2650 ipsi
436 2571 509 2634 locis
535 2574 678 2634 excedere
702 2584 732 2634 et
756 2572 787 2632 in
812 2573 1003 2634 Celtiberiam
1026 2573 1142 2634 bellurn

115 2690 133 2746 3
147 2671 308 2730 transferre.
352 2668 434 2728 Huic
447 2668 572 2730 consilio
586 2671 797 2746 suffragabatur
810 2671 900 2730 etiam
914 2671 964 2730 illa
976 2688 1031 2744 res,
1047 2672 1142 2747 quod,

147 2785 184 2826 ex
207 2765 323 2826 duobus
348 2764 500 2825 contrariis
522 2764 680 2842 generibus
700 2786 778 2843 quae
799 2765 948 2843 superiore
968 2766 1049 2826 bello
1070 2785 1143 2826 cum

148 2859 275 2920 Sertorio
296 2870 437 2920 steterant
457 2859 598 2932 civitates,
621 2860 717 2920 victae
737 2879 847 2920 nornen
871 2871 960 2936 atque
983 2857 1143 2936 imperium

148 2956 279 3016 absentis
307 2955 433 3034 Pompei
459 2956 613 3029 timebant,
642 2976 718 3033 quae
744 2955 775 3015 in
803 2955 931 3016 amicitia
961 2968 1142 3032 manserant,

149 3053 264 3130 magnis
284 3055 407 3115 affectae
427 3052 578 3115 beneficiis
599 3073 668 3115 eum
688 3053 859 3131 diligebant,
881 3053 1016 3116 Caesaris
1039 3062 1145 3115 autem

151 3164 212 3211 erat
232 3152 263 3209 in
283 3151 413 3211 barbaris
434 3171 545 3213 nomen
566 3150 727 3212 obscurius.
771 3151 833 3211 Hic
857 3170 980 3229 magnos
993 3149 1145 3227 equitatus

151 3265 317 3322 magnaque
344 3245 452 3307 auxilia
483 3250 695 3324 exspectabant
723 3258 752 3308 et
779 3247 840 3308 suis
866 3247 940 3309 locis
967 3247 1078 3307 bellum
1111 3244 1145 3306 in

119 3361 139 3418 4
154 3342 282 3403 hiemem
297 3343 406 3403 ducere
419 3344 597 3422 cogitabant.
631 3346 703 3405 Hoc
716 3344 790 3404 inito
804 3343 929 3405 consilio
941 3353 1006 3405 toto
1019 3342 1145 3405 flumine

153 3438 270 3500 Hibero
291 3459 381 3500 naves
400 3441 572 3516 conquirere
591 3451 621 3501 et
636 3443 814 3517 Octogesam
828 3438 938 3502 adduci
951 3439 1062 3500 iubent.
1105 3439 1146 3500 Id
