2476 3870
339 189 424 247 tra.
454 189 481 246 J.
528 188 618 247 cna
648 188 844 246 >trs-rur.
1070 207 1090 264 9

99 341 260 419 productos
279 343 423 401 Lentulus
441 351 489 416 spe
504 341 646 400 libertatis
665 342 819 399 confirmat
833 351 923 416 atque
937 338 982 399 his
996 359 1090 417 equos

97 437 229 499 attribuit
248 448 278 497 et
297 457 330 497 se
351 436 435 513 sequi
455 435 556 510 iussit,
586 455 661 512 quos
681 446 787 512 postea
806 435 936 495 monitus
956 437 995 495 ab
1016 436 1084 508 suis,
1101 453 1117 515 5

99 538 181 613 quod
213 555 250 598 ea
283 555 329 595 res
361 534 495 595 omniurn
530 532 641 593 iudicio
674 534 952 611 reprehendebatur,
980 533 1089 593 circum

99 635 223 695 familias
243 624 408 694 conventfis
430 630 589 707 Campani,
599 631 753 691 custodiae
772 634 863 691 causa
882 629 1037 692 distribuit

158 735 224 792 XV.
267 729 395 790 Auximo
423 730 532 790 Caesar
564 747 735 804 progressus
767 747 888 788 omnem
915 748 1017 806 agrum
1045 729 1090 789 Pi·
1105 735 1123 790 ι’

99 849 205 889 cenum
226 826 374 906 percurrit
418 828 553 886 Cunctae
582 845 680 885 earum
709 824 863 902 regionum
890 829 1090 903 praefecturae

99 924 299 984 libentissimis
318 921 423 981 animis
444 940 512 981 eum
527 920 673 998 recipiunt
688 921 907 998 exercitumque
921 923 984 982 eius
998 923 1091 983 onmi-

99 1022 153 1080 bus
167 1025 254 1082 rebus
267 1019 376 1078 iuvant.
420 1019 517 1076 Etiam
533 1017 668 1125 Cingulo,
685 1018 767 1093 quod
781 1017 926 1095 oppidum
941 1019 1090 1079 Labienus
1106 1039 1121 1078 2

99 1118 289 1179 constituerat
309 1135 421 1192 suaque
441 1113 568 1191 pecunia
589 1112 837 1188 exaedificaverat,
853 1117 892 1175 ad
914 1135 982 1175 eum
1002 1116 1091 1194 legati

99 1215 228 1289 veniunt,
244 1233 379 1292 quaeque
399 1209 594 1287 imperaverit,
610 1230 642 1271 se
656 1211 846 1287 cupidissime
864 1213 992 1311 facturos
987 1212 1092 1307 polli

98 1325 208 1374 centur.
253 1312 364 1373 Milites
378 1310 520 1387 imperat:
542 1308 582 1367 mi
586 1321 671 1369 t.tunt
708 1311 826 1370 Interea
840 1282 933 1387 legio
935 1328 983 1371 xrr
982 1282 1122 1388 Caes-3

98 1431 178 1470 arem
205 1409 402 1484 consequitur
449 1408 526 1466 Cum
554 1405 600 1466 his
627 1407 744 1466 duabus
776 1409 919 1467 Asculum
949 1406 1088 1467 Picenum

99 1506 299 1583 proficiscitur.
344 1507 380 1565 Id
400 1505 544 1580 oppidum
565 1505 709 1564 Lentulus
728 1486 887 1581 Spinther
882 1523 904 1565 x
919 1505 1090 1565 cohortibus

99 1604 238 1677 tenebat3
245 1601 309 1676 qui
331 1601 465 1661 Caesaris
485 1601 616 1660 adventu
637 1600 758 1678 cognito
778 1601 907 1678 profugit
927 1621 963 1660 ex
978 1600 1090 1678 oppido

98 1702 294 1776 cohortesque
314 1718 415 1758 secum
437 1699 585 1756 abducere
606 1709 731 1758 conatus
750 1719 770 1758 a
784 1718 893 1776 magna
913 1711 996 1775 parte
1017 1696 1091 1756 mili-

99 1807 161 1856 tum
183 1793 333 1856 deseritur.
378 1792 511 1853 Relictus
532 1793 563 1851 in
584 1792 688 1854 itinere
713 1813 781 1853 cum
806 1793 908 1870 paucis
932 1793 1035 1854 incidit
1059 1793 1124 1866 in4

99 1893 260 1951 Vibullium
283 1892 394 1950 Rufum
416 1888 538 1948 missum
560 1909 579 1947 a
600 1890 746 1968 Pompeio
766 1890 797 1948 in
822 1909 921 1964 agrum
948 1890 1090 1950 Picenum

98 1989 366 2050 confirmandorum
386 1986 540 2046 hominum
558 2007 656 2045 causa.
699 1989 728 2046 A
746 2007 807 2064 quo
829 1990 922 2046 factus
943 1987 1089 2047 Vibullius

98 2089 213 2159 certior,
228 2106 305 2163 quae
325 2104 371 2145 res
386 2084 416 2143 in
432 2084 543 2144 Piceno
557 2095 733 2161 gererentur,
748 2084 855 2145 milites
869 2086 908 2144 ab
922 2105 959 2144 eo
972 2084 1088 2162 accipit,

98 2184 194 2262 ipsum
216 2180 345 2243 dimittit.
388 2183 465 2241 Item
487 2200 524 2240 ex
544 2180 675 2240 finitimis
695 2181 873 2258 regionibus,
888 2201 962 2259 quas
982 2193 1120 2261 potest,5

98 2283 245 2342 contrahit
263 2282 400 2340 cohortes
417 2300 451 2338 ex
471 2278 629 2339 dilectibus
648 2278 856 2356 Pompeianis,
875 2277 906 2338 in
923 2279 968 2338 his
985 2282 1090 2341 Came

98 2378 163 2437 rino
181 2377 341 2454 fugientem
364 2375 510 2435 Lucilium
531 2376 653 2436 Hirrum
672 2397 740 2436 cum
755 2397 806 2437 sex
820 2375 1001 2480 cohortibus
1016 2396 1090 2452 quas

99 2475 184 2536 ibim
200 2473 346 2551 praesidio
361 2475 512 2547 habuerat,
527 2474 650 2550 excipit3
672 2475 780 2550 quibus
793 2462 908 2534 coactis
918 2456 977 2532 xrir
976 2454 1087 2534 efficit

99 2576 177 2635 Cum
198 2571 244 2631 his
271 2573 310 2632 ad
335 2571 501 2631 Domitium
526 2574 758 2634 Ahenobarbum
784 2573 947 2634 Corfinium
975 2572 1121 2649 magnisfi

98 2668 258 2728 itineribus
278 2668 412 2744 pervenit
441 2671 657 2746 Caesaremque
685 2671 790 2730 adesse
822 2689 891 2729 cum
923 2668 1089 2746 legionibus

98 2767 214 2825 duabus
228 2765 352 2824 nuntiat.
390 2764 539 2825 Domitius
553 2785 605 2842 per
618 2785 650 2826 se
664 2736 835 2826 circitcibix
838 2754 986 2826 cohortes
1003 2767 1087 2838 Alba,
1104 2783 1120 2841 7

98 2882 136 2922 ex
151 2860 257 2920 Marsis
271 2871 300 2920 et
315 2860 470 2937 Paelignis,
485 2858 617 2920 finitimis
631 2863 669 2922 ab
683 2861 852 2938 regionibus
866 2865 1009 2938 coe'gerat.

160 2959 243 3017 XVI.
287 2960 421 3032 Recepto
437 2956 536 3017 Firmo
556 2960 739 3035 expulsoque
755 2959 882 3018 Lentulo
896 2960 1006 3019 Caesar
1019 2977 1087 3018 con·
1104 2978 1117 3018 1

98 3053 174 3133 quiri
195 3051 311 3123 milites,
333 3052 384 3128 qui
404 3054 443 3112 ab
464 3072 501 3112 eo
529 3052 732 3127 discesserant,
754 3053 953 3130 dilectumque
976 3053 1088 3114 institui

98 3154 199 3221 iubet;
220 3151 283 3228 ipse
300 3170 392 3210 ιιιιιιιιι
413 3150 491 3211 diem
511 3150 552 3210 ibi
571 3151 613 3210 rei
632 3150 836 3212 frumentariae
855 3172 944 3212 causa
957 3163 1087 3257 mqmtus

98 3246 262 3311 Corfinium
283 3247 444 3306 contendit.
488 3249 534 3306 Eo
555 3267 624 3306 cum
645 3248 780 3320 venisset,
802 3236 949 3307 cohortes
964 3263 985 3306 v
998 3223 1088 3322 prae·
1103 3268 1119 3306 2
1206 3254 1209 3261 '

99 3342 206 3404 missae
226 3361 244 3401 a
266 3341 399 3402 Domitio
420 3361 456 3401 ex
477 3342 598 3420 oppido,
612 3353 734 3419 pontem
753 3341 907 3403 fluminis
899 3354 1088 3420 rnterrumpe-

101 3443 181 3512 bant,
202 3437 253 3514 qui
273 3451 334 3498 erat
355 3440 392 3498 ab
413 3439 525 3514 oppido
548 3438 629 3498 milia
652 3459 792 3516 passuum
815 3436 944 3500 circiter
950 3426 997 3500 iri.
1042 3440 1128 3508 1th
