2476 3870
142 193 178 245 14
432 173 499 232 DE
525 175 675 235 BELLO
706 176 852 235 CIVILI

140 327 303 388 Corfinium
332 338 439 404 gestae,
469 328 593 388 Luceria
624 329 818 406 proficiscitur
849 331 1011 391 Canusium
1044 343 1135 410 atque

108 425 210 486 ainde
238 427 436 486 Brundisium.
479 428 590 503 Copias
618 429 751 505 undique
782 449 886 489 omnes
914 450 950 489 ex
978 431 1062 491 novis
1092 432 1135 491 di-

139 525 264 585 lectibus
292 527 331 584 ad
359 544 391 584 se
419 527 484 601 cogi
510 524 592 585 iubet
603 546 611 598 ;
640 545 748 598 servos,
754 539 904 637 {PBStQJgS
928 539 1021 588 armat
1045 540 1135 604 atque

139 622 181 682 eis
204 643 297 699 equos
321 622 470 696 attribuit;
502 643 538 682 ex
565 624 609 682 his
637 622 752 682 circiter
779 612 844 683 'cccv
859 623 976 700 ‘equites
1004 625 1134 685 conficit.

107 720 172 794 3L.
205 719 335 777 Manlius
363 731 480 794 praetor
508 721 586 778 Alba
618 739 686 778 cum
715 720 886 779 cohortibus
914 740 965 779 sex
997 721 1133 798 profugit,

139 817 269 876 Rutilius
290 820 391 892 Lupus
408 827 524 892 praetor
543 816 702 875 Tarracina
720 837 788 875 cum
807 819 897 876 tribus
907 840 915 891 ;
936 838 1012 893 quae
1031 821 1135 894 procul

139 913 303 989 equitatum
319 913 452 972 Caesaris
469 912 665 988 conspicatae,
682 913 729 971 cui
746 926 878 989 praeerat
894 915 998 974 Vibius
1019 917 1133 989 Curius

139 1011 241 1070 relicto
258 1021 392 1087 praetore
412 1009 494 1086 signa
512 1012 551 1068 ad
570 1010 691 1070 Curium
709 1013 886 1070 transferunt
904 1021 993 1088 atque
1012 1015 1132 1072 adeum

107 1100 300 1179 4transeunt.
344 1109 422 1165 Item
440 1105 559 1182 reliquis
579 1106 731 1165 itineribus
751 1127 812 1166 non
832 1109 930 1166 nullae
949 1111 1084 1168 cohortes
1103 1111 1133 1169 in

30 1238 46 1250 —-
139 1224 246 1280 agmen
268 1203 410 1275 Caesaris,
434 1203 508 1263 aliae
530 1204 560 1262 in
586 1205 699 1278 equites
724 1202 866 1288 incidunt.
912 1207 1074 1266 Reducitur
1094 1210 1134 1267 ad

139 1323 207 1362 eum
229 1304 391 1380 deprensus
413 1322 449 1360 ex
471 1302 573 1361 itinere
596 1305 634 1360 N.
657 1301 775 1377 Magius
796 1304 952 1376 Cremona,
968 1306 1134 1380 praefectus

108 1419 123 1477 5
140 1403 254 1460 fabrum
278 1404 331 1460 Cn.
357 1399 488 1476 Pompei.
533 1402 630 1475 Quem
654 1403 763 1460 Caesar
783 1403 822 1461 ad
841 1421 910 1460 eum
928 1404 1048 1462 remittit
1065 1424 1132 1463 cum

139 1497 304 1556 mandatis:
326 1495 467 1572 quoniam
485 1497 524 1555 ad
541 1495 573 1554 id
592 1506 709 1572 tempus
729 1499 851 1556 facultas
868 1500 1057 1575 colloquendi
1072 1521 1133 1559 non

138 1593 232 1666 fuerit,
259 1605 347 1670 atque
375 1593 437 1670 ipse
467 1593 657 1653 Brundisium
686 1594 724 1654 sit
751 1606 898 1668 venturus,
925 1595 1065 1677 interesse
1091 1598 1134 1657 rei

139 1692 277 1769 publicae
302 1703 331 1752 et
355 1689 523 1752 communis
544 1692 654 1765 salutis,
677 1713 709 1753 se
730 1714 797 1752 curn
820 1694 964 1771 Pompeio
986 1695 1133 1771 colloqui,

107 1792 124 1848 6
140 1809 236 1866 neque
253 1810 322 1849 vero
340 1789 421 1849 idem
440 1789 542 1866 profici
559 1793 649 1867 longo
664 1791 775 1849 itineris
790 1791 896 1868 spati0,
911 1812 980 1850 eum
994 1811 1046 1868 per
1060 1791 1134 1852 alios

30 1885 53 1897 ⁵
140 1886 331 1946 condiciones
346 1887 483 1958 ferantur,
500 1906 535 1944 ac
550 1885 574 1945 si
589 1906 688 1946 coram
704 1888 742 1946 de
756 1887 893 1946 omnibus
908 1887 1133 1948 condicionibus

140 1986 328 2061 disceptetur.

108 2101 124 2144 1
199 2084 294 2140 XXV.
339 2081 397 2140 His
416 2081 493 2140 datis
510 2080 658 2140 mandatis
678 2080 868 2140 Brundisium
886 2099 954 2139 cum
968 2080 1133 2157 legionibus

139 2196 170 2237 vr
192 2177 333 2254 pervenit,
349 2178 493 2238 veteranis
516 2195 552 2236 111
574 2190 604 2238 et
624 2177 751 2253 reliquis,
772 2197 845 2253 quas
866 2197 903 2236 ex
923 2197 1003 2237 novo
1023 2177 1134 2238 dilectu

108 2296 124 2336 2
140 2277 308 2336 confecerat
327 2285 417 2350 atque
438 2276 469 2332 in
490 2274 593 2343 itinere
614 2277 813 2351 compleverat
823 2296 831 2348 3
853 2274 1039 2334 Domitianas
1053 2276 1132 2335 enim

140 2375 277 2433 cohortes
298 2371 433 2448 protinus
453 2391 471 2430 a
492 2370 623 2432 Corfinio
642 2371 673 2430 in
688 2370 816 2430 Siciliam
831 2372 956 2432 miserat.
1001 2373 1131 2450 Repetit,

140 2471 277 2528 consules
297 2468 492 2546 Dyrrachium
512 2471 661 2543 profectos
681 2488 749 2526 cum
765 2487 871 2544 magna
885 2479 967 2544 parte
981 2470 1132 2544 exercitus,
1160 2526 1165 2538 ,

141 2567 317 2644 Pompeium
344 2585 496 2624 remanere
530 2565 678 2623 Brundisii
711 2585 779 2623 cum
812 2565 982 2625 cohortibus
1013 2567 1133 2644 viginti,

108 2684 126 2741 3
140 2683 238 2739 neque
255 2672 365 2721 certum
383 2660 506 2720 inveniri
525 2671 651 2736 poterat,
667 2659 861 2720 obtinendine
885 2662 1030 2721 Brundisii
1045 2684 1133 2724 causa

140 2760 181 2820 ibi
202 2758 396 2830 remansisset,
420 2777 480 2834 quo
501 2757 615 2815 facilius
642 2776 731 2816 omne
761 2757 966 2816 Hadriaticum
994 2779 1074 2819 mare
1097 2763 1134 2820 ab

140 2857 276 2918 extremis
298 2855 401 2915 Italiae
423 2856 553 2930 partibus
575 2853 802 2929 regionibusque
824 2854 965 2913 Graeciae
985 2854 1016 2913 in
1037 2867 1132 2932 potes-

85 3001 88 3005 .
141 2965 202 3014 tate
222 2956 344 3014 haberet
364 2963 453 3028 atque
474 2971 512 3010 ex
536 2963 660 3027 utraque
684 2963 767 3026 parte
792 2952 902 3009 bellum
930 2951 1133 3015 administrare

108 3063 250 3128 4p0sset‚
268 3070 306 3109 an
327 3048 429 3125 inopia
449 3048 569 3107 navium
590 3047 631 3108 ibi
651 3048 811 3120 restitisset,
831 3047 1006 3125 veritusque,
1026 3070 1064 3110 ne
1083 3051 1133 3112 ille

143 3147 259 3207 Italiam
288 3145 496 3206 dimittendam
524 3166 585 3204 non
613 3145 801 3217 existimaret,
829 3144 924 3204 exitus
951 3146 1133 3208 administra-

110 3243 297 3323 5tionesque
325 3241 494 3322 Brundisini
521 3253 623 3319 portus
650 3242 794 3319 impedire
821 3241 953 3301 instituit.
997 3243 1131 3318 Quorum

142 3361 265 3418 operum
286 3342 360 3400 haec
381 3351 442 3400 erat
462 3340 545 3399 ratio.
588 3341 657 3415 Qua
681 3343 780 3400 fauces
804 3350 887 3399 erant
910 3339 1132 3416 angustissimae

133 3449 253 3512 portus,
268 3440 362 3497 moles
383 3448 473 3513 atque
494 3458 629 3515 aggerem
651 3439 688 3498 ab
706 3452 828 3515 utraque
846 3448 929 3514 parte
943 3436 1035 3496 litoris
1048 3437 1132 3498 iacie-
