2476 3870
150 185 187 244 2⁶
437 187 505 244 DE
533 187 683 246 narro
714 158 859 248 crrr'rr

147 337 242 409 batur,
260 349 293 398 ut
314 338 477 399 summissis
497 338 529 398 in
548 341 678 400 eundern
697 342 796 402 locum
817 343 988 406 cohortibus
1010 345 1154 406 defessos¹

147 435 298 513 reciperet.

28 613 30 618 Ι
117 550 131 592 r
206 534 317 594 XLVI.
362 535 433 593 Hoc
457 553 525 593 cum
550 545 628 594 esset
651 535 744 596 modo
767 547 931 613 pugnaturn
955 536 1145 600 continenter

145 628 225 689 horis
238 628 377 706 quinque,
394 630 545 708 nostrique
558 631 675 709 gravius
688 652 707 692 a
725 633 916 695 multitudine
930 647 1142 712 premerentur,

145 728 329 805 consumptis
343 729 481 788 omnibus
496 730 561 790 telis
571 729 676 807 gladiis
687 731 832 792 destrictis
844 732 987 810 impetum
1002 735 1143 796 adversus

146 837 281 887 montem
295 826 326 886 in
340 828 478 887 cohortes
492 826 605 888 faciunt
619 828 782 906 paucisque
797 829 919 891 deiectis
932 832 1061 908 reliquos
1075 853 1143 894 sese

115 934 315 984 econvertere
340 935 457 1000 cogunt.
501 924 664 984 Summotis
688 926 744 985 sub
769 946 885 986 murum
909 928 1081 989 cohortibus
1106 951 1144 990 ac

145 1041 206 1081 non
221 1022 333 1082 nullam
347 1033 460 1098 partem
475 1033 596 1100 propter
610 1034 751 1084 terrorem
766 1025 797 1084 in
817 1025 960 1102 oppidum
980 1029 1143 1104 compulsis

113 1118 238 1197 glacilis
257 1130 302 1180 est
320 1119 429 1179 nostris
448 1131 583 1197 receptus
602 1121 697 1184 datus.
743 1121 901 1198 Equitatus
921 1133 1020 1182 autem
1040 1134 1144 1185 noster

70 1258 86 1270 a
145 1221 183 1278 ab
211 1229 338 1295 utroque
366 1220 465 1293 latere,
494 1218 549 1279 etsi
577 1217 699 1279 deiectis
727 1231 818 1294 atque
848 1219 1034 1280 inferioribus
1066 1221 1143 1282 locis

144 1316 326 1389 constiterat,
341 1327 442 1376 tamen
462 1337 577 1377 summa
595 1317 626 1377 in
646 1317 747 1394 iugum
767 1318 874 1379 virtute
893 1317 1032 1377 conititur
1049 1329 1143 1395 atque

145 1414 220 1475 inter
248 1415 320 1474 duas
349 1413 427 1473 acies
456 1413 646 1491 perequitans
674 1415 909 1478 commodiorem
938 1437 974 1476 ac
1002 1417 1142 1478 tutiorem

145 1512 252 1573 nostris
272 1523 427 1589 receptum
448 1512 508 1572 dat.
552 1514 600 1572 Ita
619 1513 700 1573 vario
720 1513 882 1603 certamine
903 1526 1065 1591 pugnatum
1085 1527 1139 1577 est

111 1611 247 1685 4Nostri
268 1610 298 1671 in
313 1611 410 1689 primo
431 1630 591 1688 congressu
612 1610 727 1672 circiter
749 1629 812 1672 Lxx
836 1611 1017 1685 ceciderunt,
1038 1611 1070 1671 in
1094 1613 1143 1675 his

145 1710 182 1785 Q.
206 1708 357 1786 Fulginius
384 1729 420 1769 err
447 1707 541 1786 primo
566 1711 683 1769 hastato
707 1708 831 1786 legionis
856 1728 919 1782 xrv,
945 1707 997 1785 qui
1021 1722 1144 1788 propter

144 1804 281 1866 eximiam
302 1803 438 1865 virtutem
460 1824 496 1864 err
516 1804 701 1866 inferioribus
722 1805 875 1866 ordinibus
895 1805 926 1864 in
948 1826 1016 1866 eurn
1039 1807 1143 1868 locum

113 1919 129 1982 5
145 1913 335 1981 pervenerat;
356 1905 547 1964 vulnerantur
566 1886 759 1980 ampliusne
804 1905 850 1962 Ex
868 1901 1034 1963 Afranianis
1053 1903 1144 1964 inter-

145 2000 282 2060 ficiuntur
301 2003 336 2059 T.
361 1999 516 2073 Caecilius,
538 2000 625 2077 primi
646 1999 698 2077 pili
719 1998 861 2071 centurio,
883 2010 913 2059 et
933 2009 1049 2077 praeter
1069 2019 1142 2061 eum

146 2097 334 2158 centuriones
350 2115 389 2170 rv,
405 2097 513 2156 milites
528 2096 656 2173 amplius
670 2111 716 2157 cc.
727 2118 747 2149 ss·
758 2126 792 2153 «ι.
816 2112 835 2141 ··÷

114 2213 128 2255 r
204 2195 332 2254 XLVII.
376 2193 435 2253 Sed
462 2194 537 2253 haec
564 2193 627 2253 eius
652 2191 711 2253 diei
736 2194 897 2270 praefertur
921 2193 1032 2271 opinio,
1053 2205 1087 2255 ut
1107 2215 1142 2257 se

114 2312 129 2351 2
145 2291 260 2368 utrique
274 2290 438 2367 superiores
453 2289 623 2350 discessisse
637 2288 854 2351 existimarent:
875 2290 1036 2364 Afraniani,
1046 2293 1141 2368 quod,

145 2407 296 2448 comesse
316 2387 450 2447 omnium
473 2385 583 2446 iudicio
605 2385 756 2445 inferiores
775 2387 952 2460 viderentur,
971 2387 1143 2450 comminus

145 2495 205 2545 tam
227 2483 278 2543 diu
300 2482 448 2543 stetissent
470 2493 500 2542 et
520 2492 689 2542 nostrorum
714 2481 858 2559 impeturn
883 2482 1089 2544 sustinuissent
1109 2496 1143 2546 et

145 2581 230 2642 initio
248 2582 348 2641 locurn
370 2583 576 2656 tumulumque
596 2581 767 2652 tenuissent,
783 2600 860 2656 quae
880 2599 969 2640 causa
984 2583 1142 2657 pugnandi

144 2680 246 2751 luerat,
261 2689 291 2738 et
311 2688 427 2737 nostros
444 2675 541 2753 primo
556 2695 717 2753 congressu
731 2686 813 2752 terga
827 2685 938 2735 vertere
952 2675 1140 2754 coegissent3

112 2777 238 2854 gnostri
264 2788 372 2850 autem,
402 2776 483 2851 quod
511 2773 616 2852 iniquo
643 2776 712 2834 loco
739 2785 829 2850 atque
856 2772 960 2850 impari
988 2776 1142 2850 congressi

145 2893 269 2934 numero
280 2873 410 2950 quinque
424 2871 503 2932 horis
518 2870 663 2948 proelium
677 2868 892 2943 sustinuissent,
908 2872 991 2946 quod
1005 2882 1142 2932 montem

145 2973 250 3050 gladiis
269 2971 414 3032 destrictis
434 2970 646 3043 ascendissent,
661 2969 743 3044 quod
760 2987 797 3027 ex
810 2968 878 3027 loco
893 2966 1043 3043 superiore
1056 2977 1143 3045 terga

145 3079 258 3130 vertere
284 3065 465 3128 adversarios
497 3065 663 3142 coegissent
696 3075 786 3140 atque
813 3063 844 3122 in
878 3064 1025 3141 oppidum
1057 3082 1143 3125 corn-

113 3165 298 3244 4pulissent.
346 3161 393 3220 Illi
423 3179 492 3220 eurn
522 3160 679 3231 tumulum,
707 3178 762 3234 pro
792 3177 853 3234 quo
886 3168 1049 3235 pugnatum
1083 3170 1140 3235 est,

146 3258 260 3338 magnis
274 3259 412 3336 operibus
426 3253 594 3315 munierunt
608 3252 847 3330 praesidiumque
861 3251 902 3312 ibi
916 3263 1086 3329 posueruut.

116 3380 130 3422 1
178 3348 182 3360 ’
206 3357 352 3416 XLVIII.
415 3351 533 3412 Accidit
567 3351 657 3411 etiarn
691 3350 880 3428 repentinum
914 3350 1142 3414 incommodum

137 3453 241 3525 hiduo,
283 3469 347 3526 qno
379 3450 454 3508 haec
487 3457 570 3524 gesta
604 3456 680 3505 sunt.
729 3448 829 3505 Tanta
863 3445 943 3505 eninr
977 3455 1143 3520 tempestas
