<?xml version="1.0" encoding="UTF-8"?>
<!DOCTYPE html PUBLIC "-//W3C//DTD XHTML 1.0 Transitional//EN"
    "http://www.w3.org/TR/xhtml1/DTD/xhtml1-transitional.dtd">
<html xmlns="http://www.w3.org/1999/xhtml" xml:lang="en" lang="en">
 <head>
  <title>
</title>
<meta http-equiv="Content-Type" content="text/html;charset=utf-8" />
  <meta name='ocr-system' content='tesseract 3.04.00' />
  <meta name='ocr-capabilities' content='ocr_page ocr_carea ocr_par ocr_line ocrx_word'/>
</head>
<body>
  <div class='ocr_page' id='page_1' title='image "./gaiiulicaesaris01peskgoog_0053.png"; bbox 0 0 2476 3870; ppageno 0'>
   <div class='ocr_carea' id='block_1_1' title="bbox 137 183 842 248">
    <p class='ocr_par' dir='ltr' id='par_1_1' title="bbox 137 183 842 248">
     <span class='ocr_line' id='line_1_1' title="bbox 137 183 842 248; baseline -0.006 0"><span class='ocrx_word' id='word_1_1' title='bbox 137 207 173 248; x_wconf 77' lang='lat' dir='ltr'>aa</span> <span class='ocrx_word' id='word_1_2' title='bbox 422 185 489 244; x_wconf 90' lang='lat' dir='ltr'>DE</span> <span class='ocrx_word' id='word_1_3' title='bbox 515 185 665 245; x_wconf 84' lang='lat' dir='ltr'><em>BELLO</em></span> <span class='ocrx_word' id='word_1_4' title='bbox 695 183 744 243; x_wconf 87' lang='lat' dir='ltr'>CI</span> <span class='ocrx_word' id='word_1_5' title='bbox 747 185 842 244; x_wconf 85' lang='lat' dir='ltr'><em>VILI</em></span> 
     </span>
    </p>
   </div>
   <div class='ocr_carea' id='block_1_2' title="bbox 101 339 1133 3526">
    <p class='ocr_par' dir='ltr' id='par_1_2' title="bbox 104 339 1132 710">
     <span class='ocr_line' id='line_1_2' title="bbox 104 339 1132 419; baseline 0.001 -16"><span class='ocrx_word' id='word_1_6' title='bbox 104 366 116 403; x_wconf 93' lang='lat'>1</span> <span class='ocrx_word' id='word_1_7' title='bbox 194 346 339 403; x_wconf 90' lang='lat' dir='ltr'>XXXIX.</span> <span class='ocrx_word' id='word_1_8' title='bbox 384 343 485 414; x_wconf 88' lang='lat' dir='ltr'><strong>Erant,</strong></span> <span class='ocrx_word' id='word_1_9' title='bbox 504 351 537 401; x_wconf 91' lang='lat' dir='ltr'>ut</span> <span class='ocrx_word' id='word_1_10' title='bbox 558 359 647 417; x_wconf 88' lang='lat' dir='ltr'>supra</span> <span class='ocrx_word' id='word_1_11' title='bbox 665 341 900 400; x_wconf 88' lang='lat' dir='ltr'>demonstratum</span> <span class='ocrx_word' id='word_1_12' title='bbox 922 351 976 415; x_wconf 92' lang='lat' dir='ltr'>est,</span> <span class='ocrx_word' id='word_1_13' title='bbox 994 339 1132 419; x_wconf 83' lang='lat' dir='ltr'><strong>legiones</strong></span> 
     </span>
     <span class='ocr_line' id='line_1_3' title="bbox 127 437 1132 517; baseline 0.005 -22"><span class='ocrx_word' id='word_1_14' title='bbox 127 440 249 501; x_wconf 81' lang='lat' dir='ltr'>Afranii</span> <span class='ocrx_word' id='word_1_15' title='bbox 271 459 317 513; x_wconf 91' lang='lat'>111,</span> <span class='ocrx_word' id='word_1_16' title='bbox 340 439 437 500; x_wconf 88' lang='lat' dir='ltr'>Petrei</span> <span class='ocrx_word' id='word_1_17' title='bbox 461 440 548 510; x_wconf 86' lang='lat' dir='ltr'>duae,</span> <span class='ocrx_word' id='word_1_18' title='bbox 570 448 723 514; x_wconf 89' lang='lat' dir='ltr'>praeterea</span> <span class='ocrx_word' id='word_1_19' title='bbox 744 448 878 498; x_wconf 91' lang='lat' dir='ltr'>scutatae</span> <span class='ocrx_word' id='word_1_20' title='bbox 899 437 1042 500; x_wconf 85' lang='lat' dir='ltr'>citerioris</span> <span class='ocrx_word' id='word_1_21' title='bbox 1062 459 1132 517; x_wconf 77' lang='lat' dir='ltr'>pro</span> 
     </span>
     <span class='ocr_line' id='line_1_4' title="bbox 133 532 1132 610; baseline 0.001 -15"><span class='ocrx_word' id='word_1_22' title='bbox 133 535 249 596; x_wconf 88' lang='lat' dir='ltr'>vinciae</span> <span class='ocrx_word' id='word_1_23' title='bbox 276 546 305 597; x_wconf 92' lang='lat' dir='ltr'>et</span> <span class='ocrx_word' id='word_1_24' title='bbox 333 546 460 595; x_wconf 89' lang='lat' dir='ltr'>cetratae</span> <span class='ocrx_word' id='word_1_25' title='bbox 488 533 633 595; x_wconf 87' lang='lat' dir='ltr'>ulterioris</span> <span class='ocrx_word' id='word_1_26' title='bbox 659 532 825 610; x_wconf 83' lang='lat' dir='ltr'>Hispaniae</span> <span class='ocrx_word' id='word_1_27' title='bbox 853 534 989 596; x_wconf 90' lang='lat' dir='ltr'>cohortes</span> <span class='ocrx_word' id='word_1_28' title='bbox 1012 535 1132 597; x_wconf 89' lang='lat' dir='ltr'>circiter</span> 
     </span>
     <span class='ocr_line' id='line_1_5' title="bbox 134 627 1127 710; baseline 0.002 -18"><span class='ocrx_word' id='word_1_29' title='bbox 134 651 220 693; x_wconf 82' lang='lat' dir='ltr'>Lxxx</span> <span class='ocrx_word' id='word_1_30' title='bbox 248 633 440 710; x_wconf 89' lang='lat' dir='ltr'>equitumque</span> <span class='ocrx_word' id='word_1_31' title='bbox 469 631 621 707; x_wconf 89' lang='lat' dir='ltr'>utriusque</span> <span class='ocrx_word' id='word_1_32' title='bbox 648 627 819 707; x_wconf 88' lang='lat' dir='ltr'>provinciae</span> <span class='ocrx_word' id='word_1_33' title='bbox 845 628 961 691; x_wconf 89' lang='lat' dir='ltr'>circiter</span> <span class='ocrx_word' id='word_1_34' title='bbox 987 648 1008 691; x_wconf 92' lang='lat' dir='ltr'>v</span> <span class='ocrx_word' id='word_1_35' title='bbox 1035 631 1127 694; x_wconf 90' lang='lat' dir='ltr'>milia.</span> 
     </span>
    </p>

    <p class='ocr_par' dir='ltr' id='par_1_3' title="bbox 103 724 1132 1292">
     <span class='ocr_line' id='line_1_6' title="bbox 103 724 1130 811; baseline 0.002 -24"><span class='ocrx_word' id='word_1_36' title='bbox 103 749 118 787; x_wconf 88' lang='lat'>2</span> <span class='ocrx_word' id='word_1_37' title='bbox 135 733 245 791; x_wconf 89' lang='lat' dir='ltr'>Caesar</span> <span class='ocrx_word' id='word_1_38' title='bbox 255 729 386 806; x_wconf 88' lang='lat' dir='ltr'>legiones</span> <span class='ocrx_word' id='word_1_39' title='bbox 405 728 437 787; x_wconf 93' lang='lat' dir='ltr'>in</span> <span class='ocrx_word' id='word_1_40' title='bbox 456 727 635 803; x_wconf 89' lang='lat' dir='ltr'>Hispaniam</span> <span class='ocrx_word' id='word_1_41' title='bbox 654 728 846 804; x_wconf 88' lang='lat' dir='ltr'>praemiserat</span> <span class='ocrx_word' id='word_1_42' title='bbox 864 724 929 809; x_wconf 91' lang='lat' dir='ltr'>[ad]</span> <span class='ocrx_word' id='word_1_43' title='bbox 948 745 980 787; x_wconf 80' lang='lat' dir='ltr'>vr</span> <span class='ocrx_word' id='word_1_44' title='bbox 999 725 1130 811; x_wconf 88' lang='lat' dir='ltr'>[milia];</span> 
     </span>
     <span class='ocr_line' id='line_1_7' title="bbox 133 824 1132 904; baseline 0.004 -17"><span class='ocrx_word' id='word_1_45' title='bbox 133 827 238 887; x_wconf 85' lang='lat' dir='ltr'>auxilia</span> <span class='ocrx_word' id='word_1_46' title='bbox 258 829 391 904; x_wconf 90' lang='lat' dir='ltr'>peditum</span> <span class='ocrx_word' id='word_1_47' title='bbox 414 845 434 885; x_wconf 91' lang='lat' dir='ltr'>v</span> <span class='ocrx_word' id='word_1_48' title='bbox 454 826 542 899; x_wconf 90' lang='lat' dir='ltr'>milia,</span> <span class='ocrx_word' id='word_1_49' title='bbox 566 825 699 903; x_wconf 90' lang='lat' dir='ltr'>equitum</span> <span class='ocrx_word' id='word_1_50' title='bbox 721 843 758 884; x_wconf 89' lang='lat'>111</span> <span class='ocrx_word' id='word_1_51' title='bbox 780 824 869 898; x_wconf 90' lang='lat' dir='ltr'>milia,</span> <span class='ocrx_word' id='word_1_52' title='bbox 889 846 966 903; x_wconf 92' lang='lat' dir='ltr'>quae</span> <span class='ocrx_word' id='word_1_53' title='bbox 986 827 1132 890; x_wconf 87' lang='lat' dir='ltr'>omnibus</span> 
     </span>
     <span class='ocr_line' id='line_1_8' title="bbox 134 923 1131 1001; baseline 0.003 -17"><span class='ocrx_word' id='word_1_54' title='bbox 134 924 334 1001; x_wconf 89' lang='lat' dir='ltr'>superioribus</span> <span class='ocrx_word' id='word_1_55' title='bbox 356 923 441 984; x_wconf 90' lang='lat' dir='ltr'>bellis</span> <span class='ocrx_word' id='word_1_56' title='bbox 458 925 610 996; x_wconf 89' lang='lat' dir='ltr'>habuerat,</span> <span class='ocrx_word' id='word_1_57' title='bbox 627 934 657 984; x_wconf 90' lang='lat' dir='ltr'>et</span> <span class='ocrx_word' id='word_1_58' title='bbox 676 943 778 1001; x_wconf 92' lang='lat' dir='ltr'>parem</span> <span class='ocrx_word' id='word_1_59' title='bbox 798 943 836 983; x_wconf 82' lang='lat' dir='ltr'>ex</span> <span class='ocrx_word' id='word_1_60' title='bbox 849 923 948 983; x_wconf 89' lang='lat' dir='ltr'>Gallia</span> <span class='ocrx_word' id='word_1_61' title='bbox 960 943 1131 1001; x_wconf 88' lang='lat' dir='ltr'>numerum,</span> 
     </span>
     <span class='ocr_line' id='line_1_9' title="bbox 134 1021 1131 1099; baseline 0.004 -17"><span class='ocrx_word' id='word_1_62' title='bbox 134 1042 223 1098; x_wconf 93' lang='lat' dir='ltr'>quam</span> <span class='ocrx_word' id='word_1_63' title='bbox 251 1023 316 1099; x_wconf 91' lang='lat' dir='ltr'>ipse</span> <span class='ocrx_word' id='word_1_64' title='bbox 343 1033 508 1099; x_wconf 89' lang='lat' dir='ltr'>pacaverat,</span> <span class='ocrx_word' id='word_1_65' title='bbox 531 1021 707 1082; x_wconf 91' lang='lat' dir='ltr'>nominatim</span> <span class='ocrx_word' id='word_1_66' title='bbox 732 1041 769 1082; x_wconf 88' lang='lat' dir='ltr'>ex</span> <span class='ocrx_word' id='word_1_67' title='bbox 797 1022 935 1083; x_wconf 91' lang='lat' dir='ltr'>omnibus</span> <span class='ocrx_word' id='word_1_68' title='bbox 959 1023 1131 1086; x_wconf 90' lang='lat' dir='ltr'>civitatibus</span> 
     </span>
     <span class='ocr_line' id='line_1_10' title="bbox 134 1117 1131 1195; baseline 0.004 -18"><span class='ocrx_word' id='word_1_69' title='bbox 134 1117 320 1179; x_wconf 86' lang='lat' dir='ltr'>nobilissimo</span> <span class='ocrx_word' id='word_1_70' title='bbox 337 1137 458 1194; x_wconf 89' lang='lat' dir='ltr'>quoque</span> <span class='ocrx_word' id='word_1_71' title='bbox 476 1129 601 1178; x_wconf 88' lang='lat' dir='ltr'>evocato</span> <span class='ocrx_word' id='word_1_72' title='bbox 611 1141 620 1193; x_wconf 80' lang='lat'>3</span> <span class='ocrx_word' id='word_1_73' title='bbox 641 1118 699 1176; x_wconf 93' lang='lat' dir='ltr'>huc</span> <span class='ocrx_word' id='word_1_74' title='bbox 718 1117 823 1193; x_wconf 90' lang='lat' dir='ltr'>optimi</span> <span class='ocrx_word' id='word_1_75' title='bbox 842 1117 957 1195; x_wconf 88' lang='lat' dir='ltr'>generis</span> <span class='ocrx_word' id='word_1_76' title='bbox 971 1119 1131 1181; x_wconf 89' lang='lat' dir='ltr'>hominurn</span> 
     </span>
     <span class='ocr_line' id='line_1_11' title="bbox 133 1214 1130 1292; baseline 0.003 -16"><span class='ocrx_word' id='word_1_77' title='bbox 133 1235 170 1276; x_wconf 86' lang='lat' dir='ltr'>ex</span> <span class='ocrx_word' id='word_1_78' title='bbox 193 1215 350 1292; x_wconf 90' lang='lat' dir='ltr'>Aquitanis</span> <span class='ocrx_word' id='word_1_79' title='bbox 371 1214 589 1292; x_wconf 88' lang='lat' dir='ltr'>montanisque,</span> <span class='ocrx_word' id='word_1_80' title='bbox 611 1214 660 1292; x_wconf 93' lang='lat' dir='ltr'>qui</span> <span class='ocrx_word' id='word_1_81' title='bbox 685 1214 813 1276; x_wconf 89' lang='lat' dir='ltr'>Galliam</span> <span class='ocrx_word' id='word_1_82' title='bbox 834 1215 1017 1292; x_wconf 90' lang='lat' dir='ltr'>provinciam</span> <span class='ocrx_word' id='word_1_83' title='bbox 1038 1216 1130 1279; x_wconf 88' lang='lat' dir='ltr'>attin·</span> 
     </span>
    </p>

    <p class='ocr_par' dir='ltr' id='par_1_4' title="bbox 101 1312 1132 1588">
     <span class='ocr_line' id='line_1_12' title="bbox 101 1312 1130 1391; baseline 0.002 -18"><span class='ocrx_word' id='word_1_84' title='bbox 101 1324 214 1391; x_wconf 85' lang='lat' dir='ltr'>3gunt,</span> <span class='ocrx_word' id='word_1_85' title='bbox 242 1315 388 1372; x_wconf 82' lang='lat' dir='ltr'>adt&#39;ecerat.</span> <span class='ocrx_word' id='word_1_86' title='bbox 439 1312 592 1385; x_wconf 88' lang='lat' dir='ltr'>Audierat,</span> <span class='ocrx_word' id='word_1_87' title='bbox 620 1312 797 1389; x_wconf 91' lang='lat' dir='ltr'>Pompeium</span> <span class='ocrx_word' id='word_1_88' title='bbox 830 1332 884 1389; x_wconf 90' lang='lat' dir='ltr'>per</span> <span class='ocrx_word' id='word_1_89' title='bbox 916 1312 1130 1375; x_wconf 81' lang='lat' dir='ltr'>Mauritaniam</span> 
     </span>
     <span class='ocr_line' id='line_1_13' title="bbox 133 1407 1132 1488; baseline 0.006 -20"><span class='ocrx_word' id='word_1_90' title='bbox 133 1429 200 1469; x_wconf 91' lang='lat' dir='ltr'>cum</span> <span class='ocrx_word' id='word_1_91' title='bbox 228 1409 392 1485; x_wconf 87' lang='lat' dir='ltr'>legionibus</span> <span class='ocrx_word' id='word_1_92' title='bbox 425 1409 480 1471; x_wconf 93' lang='lat' dir='ltr'>iter</span> <span class='ocrx_word' id='word_1_93' title='bbox 511 1409 543 1468; x_wconf 93' lang='lat' dir='ltr'>in</span> <span class='ocrx_word' id='word_1_94' title='bbox 576 1407 755 1487; x_wconf 89' lang='lat' dir='ltr'>Hispaniam</span> <span class='ocrx_word' id='word_1_95' title='bbox 783 1411 879 1470; x_wconf 86' lang='lat' dir='ltr'>facere</span> <span class='ocrx_word' id='word_1_96' title='bbox 911 1410 1132 1488; x_wconf 82' lang='lat' dir='ltr'>confestimque</span> 
     </span>
     <span class='ocr_line' id='line_1_14' title="bbox 134 1507 1132 1588; baseline 0.006 -21"><span class='ocrx_word' id='word_1_97' title='bbox 134 1527 198 1568; x_wconf 90' lang='lat' dir='ltr'>esse</span> <span class='ocrx_word' id='word_1_98' title='bbox 212 1518 375 1567; x_wconf 85' lang='lat' dir='ltr'>venturum.</span> <span class='ocrx_word' id='word_1_99' title='bbox 420 1507 513 1568; x_wconf 90' lang='lat' dir='ltr'>Simul</span> <span class='ocrx_word' id='word_1_100' title='bbox 532 1527 550 1567; x_wconf 93' lang='lat' dir='ltr'>a</span> <span class='ocrx_word' id='word_1_101' title='bbox 563 1507 689 1568; x_wconf 90' lang='lat' dir='ltr'>tribunis</span> <span class='ocrx_word' id='word_1_102' title='bbox 703 1507 829 1568; x_wconf 90' lang='lat' dir='ltr'>militum</span> <span class='ocrx_word' id='word_1_103' title='bbox 845 1509 1132 1588; x_wconf 87' lang='lat' dir='ltr'>centuriouibusque</span> 
     </span>
    </p>

    <p class='ocr_par' dir='ltr' id='par_1_5' title="bbox 101 1604 1133 1877">
     <span class='ocr_line' id='line_1_15' title="bbox 101 1604 1132 1684; baseline 0.008 -22"><span class='ocrx_word' id='word_1_104' title='bbox 101 1615 252 1676; x_wconf 72' lang='lat' dir='ltr'>amutuas</span> <span class='ocrx_word' id='word_1_105' title='bbox 280 1604 420 1681; x_wconf 88' lang='lat' dir='ltr'>pecunias</span> <span class='ocrx_word' id='word_1_106' title='bbox 445 1604 589 1682; x_wconf 91' lang='lat' dir='ltr'>sumpsit;</span> <span class='ocrx_word' id='word_1_107' title='bbox 613 1607 667 1664; x_wconf 90' lang='lat' dir='ltr'>has</span> <span class='ocrx_word' id='word_1_108' title='bbox 692 1604 832 1666; x_wconf 88' lang='lat' dir='ltr'>exercitui</span> <span class='ocrx_word' id='word_1_109' title='bbox 857 1607 1013 1669; x_wconf 90' lang='lat' dir='ltr'>distribuit.</span> <span class='ocrx_word' id='word_1_110' title='bbox 1058 1609 1132 1684; x_wconf 91' lang='lat' dir='ltr'>Quo</span> 
     </span>
     <span class='ocr_line' id='line_1_16' title="bbox 133 1702 1133 1781; baseline 0.008 -21"><span class='ocrx_word' id='word_1_111' title='bbox 133 1704 212 1762; x_wconf 84' lang='lat' dir='ltr'>sacto</span> <span class='ocrx_word' id='word_1_112' title='bbox 233 1703 308 1760; x_wconf 91' lang='lat' dir='ltr'>duas</span> <span class='ocrx_word' id='word_1_113' title='bbox 329 1722 375 1762; x_wconf 92' lang='lat' dir='ltr'>res</span> <span class='ocrx_word' id='word_1_114' title='bbox 396 1713 574 1762; x_wconf 89' lang='lat' dir='ltr'>consecutus</span> <span class='ocrx_word' id='word_1_115' title='bbox 596 1713 648 1774; x_wconf 92' lang='lat' dir='ltr'>est,</span> <span class='ocrx_word' id='word_1_116' title='bbox 672 1703 754 1780; x_wconf 93' lang='lat' dir='ltr'>quod</span> <span class='ocrx_word' id='word_1_117' title='bbox 774 1702 898 1781; x_wconf 90' lang='lat' dir='ltr'>pignore</span> <span class='ocrx_word' id='word_1_118' title='bbox 922 1706 1037 1765; x_wconf 88' lang='lat' dir='ltr'>animos</span> <span class='ocrx_word' id='word_1_119' title='bbox 1061 1726 1133 1768; x_wconf 90' lang='lat' dir='ltr'>cen·</span> 
     </span>
     <span class='ocr_line' id='line_1_17' title="bbox 133 1799 1112 1877; baseline 0.006 -17"><span class='ocrx_word' id='word_1_120' title='bbox 133 1800 281 1860; x_wconf 89' lang='lat' dir='ltr'>turionum</span> <span class='ocrx_word' id='word_1_121' title='bbox 295 1800 428 1860; x_wconf 81' lang='lat' dir='ltr'>devinxit</span> <span class='ocrx_word' id='word_1_122' title='bbox 442 1811 471 1860; x_wconf 88' lang='lat' dir='ltr'>et</span> <span class='ocrx_word' id='word_1_123' title='bbox 486 1799 641 1877; x_wconf 86' lang='lat' dir='ltr'>largitione</span> <span class='ocrx_word' id='word_1_124' title='bbox 655 1799 781 1861; x_wconf 92' lang='lat' dir='ltr'>militum</span> <span class='ocrx_word' id='word_1_125' title='bbox 795 1802 963 1863; x_wconf 91' lang='lat' dir='ltr'>voluntates</span> <span class='ocrx_word' id='word_1_126' title='bbox 977 1803 1112 1867; x_wconf 88' lang='lat' dir='ltr'>redemit.</span> 
     </span>
    </p>

    <p class='ocr_par' dir='ltr' id='par_1_6' title="bbox 103 1897 1133 2269">
     <span class='ocr_line' id='line_1_18' title="bbox 103 1897 1132 1997; baseline 0.003 -38"><span class='ocrx_word' id='word_1_127' title='bbox 103 1920 115 1959; x_wconf 95' lang='lat'>1</span> <span class='ocrx_word' id='word_1_128' title='bbox 192 1900 255 1959; x_wconf 90' lang='lat' dir='ltr'>XL.</span> <span class='ocrx_word' id='word_1_129' title='bbox 299 1898 408 1958; x_wconf 89' lang='lat' dir='ltr'>Fabius</span> <span class='ocrx_word' id='word_1_130' title='bbox 422 1897 612 1958; x_wconf 82' lang='lat' dir='ltr'>finitimarum</span> <span class='ocrx_word' id='word_1_131' title='bbox 631 1898 784 1997; x_wconf 57' lang='lat' dir='ltr'>civitgtum</span> <span class='ocrx_word' id='word_1_132' title='bbox 801 1897 918 1960; x_wconf 91' lang='lat' dir='ltr'>animos</span> <span class='ocrx_word' id='word_1_133' title='bbox 935 1899 1038 1960; x_wconf 87' lang='lat' dir='ltr'>litteris</span> <span class='ocrx_word' id='word_1_134' title='bbox 1053 1920 1132 1962; x_wconf 91' lang='lat' dir='ltr'>nun-</span> 
     </span>
     <span class='ocr_line' id='line_1_19' title="bbox 133 1997 1133 2076; baseline 0.007 -19"><span class='ocrx_word' id='word_1_135' title='bbox 133 1997 240 2076; x_wconf 89' lang='lat' dir='ltr'>tiisque</span> <span class='ocrx_word' id='word_1_136' title='bbox 273 1997 447 2075; x_wconf 86' lang='lat' dir='ltr'>temptabat.</span> <span class='ocrx_word' id='word_1_137' title='bbox 491 1999 529 2057; x_wconf 91' lang='lat' dir='ltr'>In</span> <span class='ocrx_word' id='word_1_138' title='bbox 562 1997 663 2058; x_wconf 89' lang='lat' dir='ltr'>Sicore</span> <span class='ocrx_word' id='word_1_139' title='bbox 698 1997 819 2057; x_wconf 88' lang='lat' dir='ltr'>flumine</span> <span class='ocrx_word' id='word_1_140' title='bbox 853 2009 961 2075; x_wconf 92' lang='lat' dir='ltr'>pontes</span> <span class='ocrx_word' id='word_1_141' title='bbox 992 2000 1133 2064; x_wconf 83' lang='lat' dir='ltr'>effecerat</span> 
     </span>
     <span class='ocr_line' id='line_1_20' title="bbox 135 2094 1133 2172; baseline 0.004 -17"><span class='ocrx_word' id='word_1_142' title='bbox 135 2097 211 2156; x_wconf 93' lang='lat' dir='ltr'>duos</span> <span class='ocrx_word' id='word_1_143' title='bbox 239 2095 383 2155; x_wconf 91' lang='lat' dir='ltr'>distantes</span> <span class='ocrx_word' id='word_1_144' title='bbox 416 2094 491 2154; x_wconf 90' lang='lat' dir='ltr'>inter</span> <span class='ocrx_word' id='word_1_145' title='bbox 525 2114 557 2155; x_wconf 92' lang='lat' dir='ltr'>se</span> <span class='ocrx_word' id='word_1_146' title='bbox 585 2094 666 2154; x_wconf 91' lang='lat' dir='ltr'>milia</span> <span class='ocrx_word' id='word_1_147' title='bbox 698 2115 838 2172; x_wconf 91' lang='lat' dir='ltr'>passuum</span> <span class='ocrx_word' id='word_1_148' title='bbox 866 2107 1010 2172; x_wconf 89' lang='lat' dir='ltr'>quattuor.</span> <span class='ocrx_word' id='word_1_149' title='bbox 1069 2099 1133 2159; x_wconf 89' lang='lat' dir='ltr'>His</span> 
     </span>
     <span class='ocr_line' id='line_1_21' title="bbox 134 2191 1132 2269; baseline 0.004 -18"><span class='ocrx_word' id='word_1_150' title='bbox 134 2191 275 2269; x_wconf 91' lang='lat' dir='ltr'>pontibus</span> <span class='ocrx_word' id='word_1_151' title='bbox 295 2193 469 2268; x_wconf 90' lang='lat' dir='ltr'>pabulatum</span> <span class='ocrx_word' id='word_1_152' title='bbox 491 2191 636 2264; x_wconf 90' lang='lat' dir='ltr'>mittebat,</span> <span class='ocrx_word' id='word_1_153' title='bbox 659 2191 741 2266; x_wconf 89' lang='lat' dir='ltr'>quod</span> <span class='ocrx_word' id='word_1_154' title='bbox 762 2211 805 2263; x_wconf 88' lang='lat' dir='ltr'>ea,</span> <span class='ocrx_word' id='word_1_155' title='bbox 828 2211 905 2268; x_wconf 90' lang='lat' dir='ltr'>quae</span> <span class='ocrx_word' id='word_1_156' title='bbox 926 2192 998 2253; x_wconf 90' lang='lat' dir='ltr'>citra</span> <span class='ocrx_word' id='word_1_157' title='bbox 1018 2194 1132 2255; x_wconf 89' lang='lat' dir='ltr'>flumen</span> 
     </span>
    </p>

    <p class='ocr_par' dir='ltr' id='par_1_7' title="bbox 104 2286 1133 2462">
     <span class='ocr_line' id='line_1_22' title="bbox 104 2286 1133 2364; baseline 0.005 -18"><span class='ocrx_word' id='word_1_158' title='bbox 104 2289 257 2359; x_wconf 83' lang='lat' dir='ltr'>aluerant,</span> <span class='ocrx_word' id='word_1_159' title='bbox 273 2286 474 2362; x_wconf 88' lang='lat' dir='ltr'>superioribus</span> <span class='ocrx_word' id='word_1_160' title='bbox 491 2286 596 2346; x_wconf 89' lang='lat' dir='ltr'>diebus</span> <span class='ocrx_word' id='word_1_161' title='bbox 615 2299 846 2364; x_wconf 87' lang='lat' dir='ltr'>consumpserat.</span> <span class='ocrx_word' id='word_1_162' title='bbox 890 2291 960 2348; x_wconf 90' lang='lat' dir='ltr'>Hoc</span> <span class='ocrx_word' id='word_1_163' title='bbox 974 2287 1054 2348; x_wconf 90' lang='lat' dir='ltr'>idem</span> <span class='ocrx_word' id='word_1_164' title='bbox 1069 2291 1133 2352; x_wconf 88' lang='lat' dir='ltr'>fere</span> 
     </span>
     <span class='ocr_line' id='line_1_23' title="bbox 134 2382 1131 2462; baseline 0.003 -18"><span class='ocrx_word' id='word_1_165' title='bbox 134 2395 225 2460; x_wconf 89' lang='lat' dir='ltr'>atque</span> <span class='ocrx_word' id='word_1_166' title='bbox 239 2385 344 2443; x_wconf 87' lang='lat' dir='ltr'>eadem</span> <span class='ocrx_word' id='word_1_167' title='bbox 360 2385 398 2443; x_wconf 91' lang='lat' dir='ltr'>de</span> <span class='ocrx_word' id='word_1_168' title='bbox 412 2403 502 2442; x_wconf 90' lang='lat' dir='ltr'>causa</span> <span class='ocrx_word' id='word_1_169' title='bbox 516 2382 692 2460; x_wconf 91' lang='lat' dir='ltr'>Pompeiani</span> <span class='ocrx_word' id='word_1_170' title='bbox 707 2383 851 2444; x_wconf 79' lang='lat' dir='ltr'>exercitus</span> <span class='ocrx_word' id='word_1_171' title='bbox 866 2385 957 2444; x_wconf 87' lang='lat' dir='ltr'>duces</span> <span class='ocrx_word' id='word_1_172' title='bbox 970 2384 1131 2462; x_wconf 88' lang='lat' dir='ltr'>faciebant,</span> 
     </span>
    </p>

    <p class='ocr_par' dir='ltr' id='par_1_8' title="bbox 103 2479 1133 2944">
     <span class='ocr_line' id='line_1_24' title="bbox 103 2479 1132 2556; baseline 0.006 -18"><span class='ocrx_word' id='word_1_173' title='bbox 103 2500 120 2556; x_wconf 87' lang='lat'>3</span> <span class='ocrx_word' id='word_1_174' title='bbox 135 2481 298 2556; x_wconf 89' lang='lat' dir='ltr'>crebroque</span> <span class='ocrx_word' id='word_1_175' title='bbox 312 2479 389 2538; x_wconf 90' lang='lat' dir='ltr'>inter</span> <span class='ocrx_word' id='word_1_176' title='bbox 402 2499 434 2538; x_wconf 90' lang='lat' dir='ltr'>se</span> <span class='ocrx_word' id='word_1_177' title='bbox 449 2479 635 2556; x_wconf 88' lang='lat' dir='ltr'>equestribus</span> <span class='ocrx_word' id='word_1_178' title='bbox 649 2479 769 2556; x_wconf 92' lang='lat' dir='ltr'>proeliis</span> <span class='ocrx_word' id='word_1_179' title='bbox 783 2482 1013 2541; x_wconf 84' lang='lat' dir='ltr'>contendebant.</span> <span class='ocrx_word' id='word_1_180' title='bbox 1057 2485 1132 2544; x_wconf 90' lang='lat' dir='ltr'>Huc</span> 
     </span>
     <span class='ocr_line' id='line_1_25' title="bbox 134 2575 1133 2655; baseline 0.005 -20"><span class='ocrx_word' id='word_1_181' title='bbox 134 2598 202 2636; x_wconf 85' lang='lat' dir='ltr'>curn</span> <span class='ocrx_word' id='word_1_182' title='bbox 217 2576 379 2637; x_wconf 90' lang='lat' dir='ltr'>cottidiana</span> <span class='ocrx_word' id='word_1_183' title='bbox 403 2575 619 2635; x_wconf 88' lang='lat' dir='ltr'>consuetudine</span> <span class='ocrx_word' id='word_1_184' title='bbox 643 2595 778 2653; x_wconf 85' lang='lat' dir='ltr'>egressae</span> <span class='ocrx_word' id='word_1_185' title='bbox 802 2577 1025 2653; x_wconf 91' lang='lat' dir='ltr'>pabulatoribus</span> <span class='ocrx_word' id='word_1_186' title='bbox 1049 2598 1133 2655; x_wconf 87' lang='lat' dir='ltr'>prae-</span> 
     </span>
     <span class='ocr_line' id='line_1_26' title="bbox 136 2672 1133 2750; baseline 0.002 -15"><span class='ocrx_word' id='word_1_187' title='bbox 136 2674 212 2735; x_wconf 93' lang='lat' dir='ltr'>sidio</span> <span class='ocrx_word' id='word_1_188' title='bbox 229 2672 366 2750; x_wconf 90' lang='lat' dir='ltr'>propiore</span> <span class='ocrx_word' id='word_1_189' title='bbox 379 2681 466 2749; x_wconf 73' lang='lat' dir='ltr'>parate</span> <span class='ocrx_word' id='word_1_190' title='bbox 482 2672 614 2750; x_wconf 89' lang='lat' dir='ltr'>legiones</span> <span class='ocrx_word' id='word_1_191' title='bbox 629 2673 778 2733; x_wconf 86' lang='lat' dir='ltr'>Fabianae</span> <span class='ocrx_word' id='word_1_192' title='bbox 797 2674 873 2735; x_wconf 90' lang='lat' dir='ltr'>duae</span> <span class='ocrx_word' id='word_1_193' title='bbox 888 2675 998 2735; x_wconf 86' lang='lat' dir='ltr'>flumen</span> <span class='ocrx_word' id='word_1_194' title='bbox 1012 2677 1133 2738; x_wconf 89' lang='lat' dir='ltr'>transis·</span> 
     </span>
     <span class='ocr_line' id='line_1_27' title="bbox 136 2767 1132 2846; baseline 0.005 -16"><span class='ocrx_word' id='word_1_195' title='bbox 136 2781 201 2830; x_wconf 91' lang='lat' dir='ltr'>sent</span> <span class='ocrx_word' id='word_1_196' title='bbox 218 2769 491 2846; x_wconf 83' lang='lat' dir='ltr'>impedimentaque</span> <span class='ocrx_word' id='word_1_197' title='bbox 511 2779 540 2828; x_wconf 92' lang='lat' dir='ltr'>et</span> <span class='ocrx_word' id='word_1_198' title='bbox 560 2769 657 2827; x_wconf 91' lang='lat' dir='ltr'>omnis</span> <span class='ocrx_word' id='word_1_199' title='bbox 676 2767 823 2843; x_wconf 89' lang='lat' dir='ltr'>equitatus</span> <span class='ocrx_word' id='word_1_200' title='bbox 836 2781 1013 2846; x_wconf 86' lang='lat' dir='ltr'>sequeretur,</span> <span class='ocrx_word' id='word_1_201' title='bbox 1029 2771 1132 2834; x_wconf 92' lang='lat' dir='ltr'>subito</span> 
     </span>
     <span class='ocr_line' id='line_1_28' title="bbox 134 2865 1131 2944; baseline 0.004 -17"><span class='ocrx_word' id='word_1_202' title='bbox 134 2866 163 2927; x_wconf 88' lang='lat' dir='ltr'>vi</span> <span class='ocrx_word' id='word_1_203' title='bbox 176 2876 332 2926; x_wconf 91' lang='lat' dir='ltr'>ventorum</span> <span class='ocrx_word' id='word_1_204' title='bbox 354 2877 382 2924; x_wconf 90' lang='lat' dir='ltr'>et</span> <span class='ocrx_word' id='word_1_205' title='bbox 404 2885 498 2940; x_wconf 89' lang='lat' dir='ltr'>aquae</span> <span class='ocrx_word' id='word_1_206' title='bbox 519 2865 721 2942; x_wconf 89' lang='lat' dir='ltr'>magnitudine</span> <span class='ocrx_word' id='word_1_207' title='bbox 742 2885 819 2942; x_wconf 92' lang='lat' dir='ltr'>pons</span> <span class='ocrx_word' id='word_1_208' title='bbox 841 2877 885 2926; x_wconf 89' lang='lat' dir='ltr'>est</span> <span class='ocrx_word' id='word_1_209' title='bbox 905 2866 1083 2944; x_wconf 88' lang='lat' dir='ltr'>interruptus</span> <span class='ocrx_word' id='word_1_210' title='bbox 1101 2883 1131 2932; x_wconf 91' lang='lat' dir='ltr'>et</span> 
     </span>
    </p>

    <p class='ocr_par' dir='ltr' id='par_1_9' title="bbox 103 2961 1133 3426">
     <span class='ocr_line' id='line_1_29' title="bbox 103 2961 1133 3041; baseline 0.008 -20"><span class='ocrx_word' id='word_1_211' title='bbox 103 2963 248 3039; x_wconf 90' lang='lat' dir='ltr'>4reliqua</span> <span class='ocrx_word' id='word_1_212' title='bbox 282 2961 441 3021; x_wconf 91' lang='lat' dir='ltr'>multitudo</span> <span class='ocrx_word' id='word_1_213' title='bbox 476 2961 608 3038; x_wconf 91' lang='lat' dir='ltr'>equitum</span> <span class='ocrx_word' id='word_1_214' title='bbox 644 2962 807 3022; x_wconf 91' lang='lat' dir='ltr'>interclusa.</span> <span class='ocrx_word' id='word_1_215' title='bbox 852 2965 922 3038; x_wconf 88' lang='lat' dir='ltr'>Quo</span> <span class='ocrx_word' id='word_1_216' title='bbox 955 2966 1076 3041; x_wconf 90' lang='lat' dir='ltr'>cognito</span> <span class='ocrx_word' id='word_1_217' title='bbox 1113 2988 1133 3029; x_wconf 86' lang='lat' dir='ltr'>a</span> 
     </span>
     <span class='ocr_line' id='line_1_30' title="bbox 137 3057 1132 3137; baseline 0.007 -19"><span class='ocrx_word' id='word_1_218' title='bbox 137 3057 253 3118; x_wconf 90' lang='lat' dir='ltr'>Petreio</span> <span class='ocrx_word' id='word_1_219' title='bbox 275 3069 304 3116; x_wconf 91' lang='lat' dir='ltr'>et</span> <span class='ocrx_word' id='word_1_220' title='bbox 325 3057 446 3117; x_wconf 85' lang='lat' dir='ltr'>Afranio</span> <span class='ocrx_word' id='word_1_221' title='bbox 467 3078 503 3116; x_wconf 88' lang='lat' dir='ltr'>ex</span> <span class='ocrx_word' id='word_1_222' title='bbox 523 3077 627 3135; x_wconf 87' lang='lat' dir='ltr'>aggere</span> <span class='ocrx_word' id='word_1_223' title='bbox 647 3068 737 3134; x_wconf 91' lang='lat' dir='ltr'>atque</span> <span class='ocrx_word' id='word_1_224' title='bbox 758 3058 894 3131; x_wconf 86' lang='lat' dir='ltr'>cratibus,</span> <span class='ocrx_word' id='word_1_225' title='bbox 909 3079 985 3137; x_wconf 89' lang='lat' dir='ltr'>quae</span> <span class='ocrx_word' id='word_1_226' title='bbox 1007 3062 1132 3126; x_wconf 87' lang='lat' dir='ltr'>flumine</span> 
     </span>
     <span class='ocr_line' id='line_1_31' title="bbox 135 3154 1132 3235; baseline 0.006 -20"><span class='ocrx_word' id='word_1_227' title='bbox 135 3157 309 3226; x_wconf 88' lang='lat' dir='ltr'>ferebantur,</span> <span class='ocrx_word' id='word_1_228' title='bbox 340 3154 472 3214; x_wconf 88' lang='lat' dir='ltr'>celeriter</span> <span class='ocrx_word' id='word_1_229' title='bbox 504 3175 557 3214; x_wconf 94' lang='lat' dir='ltr'>suo</span> <span class='ocrx_word' id='word_1_230' title='bbox 589 3167 682 3231; x_wconf 91' lang='lat' dir='ltr'>ponte</span> <span class='ocrx_word' id='word_1_231' title='bbox 714 3155 861 3227; x_wconf 87' lang='lat' dir='ltr'>Afranius,</span> <span class='ocrx_word' id='word_1_232' title='bbox 890 3175 978 3233; x_wconf 94' lang='lat' dir='ltr'>quem</span> <span class='ocrx_word' id='word_1_233' title='bbox 1014 3159 1132 3235; x_wconf 90' lang='lat' dir='ltr'>oppido</span> 
     </span>
     <span class='ocr_line' id='line_1_32' title="bbox 136 3251 1133 3334; baseline 0.004 -24"><span class='ocrx_word' id='word_1_234' title='bbox 136 3251 296 3327; x_wconf 90' lang='lat' dir='ltr'>castrisque</span> <span class='ocrx_word' id='word_1_235' title='bbox 317 3251 509 3311; x_wconf 90' lang='lat' dir='ltr'>coniunctum</span> <span class='ocrx_word' id='word_1_236' title='bbox 530 3254 667 3324; x_wconf 89' lang='lat' dir='ltr'>habebat,</span> <span class='ocrx_word' id='word_1_237' title='bbox 690 3252 822 3329; x_wconf 88' lang='lat' dir='ltr'>legiones</span> <span class='ocrx_word' id='word_1_238' title='bbox 842 3270 880 3312; x_wconf 88' lang='lat'>111</span> <span class='ocrx_word' id='word_1_239' title='bbox 904 3253 1133 3334; x_wconf 82' lang='lat' dir='ltr'>equitatumque</span> 
     </span>
     <span class='ocr_line' id='line_1_33' title="bbox 136 3345 1131 3426; baseline 0.009 -21"><span class='ocrx_word' id='word_1_240' title='bbox 136 3366 257 3408; x_wconf 91' lang='lat' dir='ltr'>omnem</span> <span class='ocrx_word' id='word_1_241' title='bbox 284 3345 395 3406; x_wconf 89' lang='lat' dir='ltr'>traiecit</span> <span class='ocrx_word' id='word_1_242' title='bbox 425 3348 601 3423; x_wconf 91' lang='lat' dir='ltr'>duabusque</span> <span class='ocrx_word' id='word_1_243' title='bbox 630 3348 767 3409; x_wconf 86' lang='lat' dir='ltr'>Fabianis</span> <span class='ocrx_word' id='word_1_244' title='bbox 795 3350 921 3409; x_wconf 89' lang='lat' dir='ltr'>occurrit</span> <span class='ocrx_word' id='word_1_245' title='bbox 953 3349 1131 3426; x_wconf 87' lang='lat' dir='ltr'>legionibus.</span> 
     </span>
    </p>

    <p class='ocr_par' dir='ltr' id='par_1_10' title="bbox 105 3443 1131 3526">
     <span class='ocr_line' id='line_1_34' title="bbox 105 3443 1131 3526; baseline 0.005 -22"><span class='ocrx_word' id='word_1_246' title='bbox 105 3461 120 3515; x_wconf 85' lang='lat'><em>5</em></span> <span class='ocrx_word' id='word_1_247' title='bbox 135 3443 230 3504; x_wconf 85' lang='lat' dir='ltr'>Cuius</span> <span class='ocrx_word' id='word_1_248' title='bbox 244 3443 375 3503; x_wconf 89' lang='lat' dir='ltr'>adventu</span> <span class='ocrx_word' id='word_1_249' title='bbox 389 3444 525 3503; x_wconf 89' lang='lat' dir='ltr'>nuntiato</span> <span class='ocrx_word' id='word_1_250' title='bbox 540 3448 571 3503; x_wconf 80' lang='lat'>1.</span> <span class='ocrx_word' id='word_1_251' title='bbox 590 3447 725 3519; x_wconf 90' lang='lat' dir='ltr'>Plancus,</span> <span class='ocrx_word' id='word_1_252' title='bbox 741 3446 793 3522; x_wconf 92' lang='lat' dir='ltr'>qui</span> <span class='ocrx_word' id='word_1_253' title='bbox 807 3447 972 3525; x_wconf 88' lang='lat' dir='ltr'>legionibus</span> <span class='ocrx_word' id='word_1_254' title='bbox 985 3462 1131 3526; x_wconf 87' lang='lat' dir='ltr'>praeerat,</span> 
     </span>
    </p>
   </div>
   <div class='ocr_carea' id='block_1_3' title="bbox 0 0 1242 3870">
    <p class='ocr_par' dir='ltr' id='par_1_11' title="bbox 0 0 1242 3870">
     <span class='ocr_line' id='line_1_35' title="bbox 0 0 1242 3870; baseline 0 0"><span class='ocrx_word' id='word_1_255' title='bbox 0 0 1242 3870; x_wconf 95' lang='lat' dir='ltr'> </span> 
     </span>
    </p>
   </div>
  </div>
 </body>
</html>
