2476 3870
366 186 452 245 LIB.
481 187 507 244 J.
555 186 644 246 CAP.
677 185 897 247 XX-XXIV.
1089 203 1125 260 13

132 337 242 416 legium
270 339 445 416 pontificum
474 351 603 412 venerat,
629 341 711 415 quod
738 338 920 416 provinciam
949 337 1127 415 Hispaniam

132 455 168 494 ex
182 446 317 512 praetura
331 437 482 506 habuerat,
498 436 579 511 quod
597 433 628 493 in
645 434 789 511 petitione
803 437 973 494 consulatus
987 446 1048 494 erat
1062 435 1128 494 sub

132 533 252 592 levatus.
296 531 389 592 Cuius
403 531 569 590 orationem
584 533 694 592 Caesar
710 531 896 607 interpellat:
917 550 1026 591 senon
1039 533 1127 591 male·
1142 549 1157 608 5

131 629 189 687 ficii
211 648 300 688 causa
320 649 357 689 ex
377 627 529 704 provincia
548 647 708 705 egressum,
723 629 777 687 sed
796 628 839 687 uti
856 647 888 687 se
906 647 925 686 a
941 628 1127 688 contumeliis

131 725 319 786 inimicorum
347 727 527 796 defenderet,
557 727 590 784 ut
617 724 752 785 tribunos
780 724 874 801 plebis
901 724 933 783 in
963 744 998 784 ea
1029 744 1060 784 re
1092 744 1128 785 ex

132 823 249 885 civitate
277 826 415 900 expulsos
439 823 471 882 in
495 843 579 882 suam
600 822 776 900 dignitatem
797 822 971 895 restitueret,
991 834 1025 882 ut
1045 843 1077 883 se
1097 834 1127 884 et

132 922 274 997 populum
292 923 462 979 Romanum
483 921 611 979 factione
630 939 795 996 paucorum
809 939 984 996 oppressum
998 919 1029 979 in
1043 919 1126 980 liber·

132 1028 223 1077 tatem
242 1017 412 1078 vindicaret.
456 1017 547 1078 Cuius
565 1016 698 1077 oratione
717 1019 908 1077 confirmatus
927 1020 1079 1091 Lentulus,
1095 1022 1158 1078 nto

131 1113 162 1173 in
185 1114 330 1192 oppidum
353 1112 459 1174 reverti
482 1113 577 1188 liceat,
599 1114 694 1191 petit:
720 1117 803 1191 quod
825 1116 864 1175 de
886 1135 939 1174 sua
961 1117 1054 1174 salute
1074 1116 1127 1174 im-

132 1211 295 1288 petraverit,
311 1213 374 1272 fore
395 1210 484 1271 etiam
504 1210 624 1288 reliquis
645 1213 683 1271 ad
703 1232 788 1272 suam
808 1232 891 1289 spem
906 1212 1029 1287 solatio;
1050 1215 1127 1273 adeo

132 1329 196 1369 esse
215 1311 383 1386 perterritos
404 1328 465 1368 non
488 1310 594 1380 nullos,
611 1321 643 1368 ut
664 1329 734 1370 suae
752 1309 830 1370 vitae
851 1309 952 1370 durius
972 1311 1127 1371 consulere

131 1417 282 1483 cogantur.
326 1408 417 1465 Facta
430 1415 579 1482 potestate
593 1405 727 1466 discedit.

192 1506 314 1563 XXIII.
356 1506 473 1578 Caesar,
503 1504 555 1563 ubi
582 1504 663 1578 luxit,
694 1524 798 1566 omnes
829 1515 980 1566 senatores
1012 1517 1157 1566 senato-1

131 1620 256 1678 rumque
276 1600 393 1674 liberos,
416 1599 550 1660 tribunos
572 1600 698 1660 militum
720 1601 893 1678 equitesque
914 1605 1068 1663 Romanos
1088 1604 1127 1664 ad

131 1718 164 1757 se
197 1696 322 1774 produci
353 1697 442 1758 iubet.
495 1699 588 1757 Erant
620 1697 751 1776 quinque
778 1698 891 1759 ordinis
917 1701 1062 1772 senatorii}
1091 1701 1158 1761 L.a

133 1793 291 1867 Domitius,
314 1798 346 1854 P.
369 1797 514 1855 Lentulus
535 1796 684 1872 Spinther,
705 1799 738 1856 1.
763 1796 911 1857 Caecilius
932 1801 1036 1870 Rufus,
1058 1801 1124 1859 Seis

52 1880 54 1884 ⁴
132 1890 294 1968 Quintilius
321 1891 418 1950 Varus
448 1903 596 1969 quaestor,
626 1895 660 1952 L.
690 1893 838 1970 Rubrius3
871 1906 1023 1972 praeterea
1049 1895 1125 1955 filius

133 1986 258 2048 Domitii
277 1987 385 2064 aliique
404 1993 571 2067 complures
585 1993 791 2052 adulescentes
806 2004 836 2053 et
850 2013 973 2070 magnus
988 2013 1126 2065 numerus

131 2083 265 2160 equitum
290 2087 496 2144 Romanorum
520 2098 550 2146 et
574 2087 776 2160 decurionum,
797 2109 872 2165 quos
896 2109 933 2150 ex
957 2088 1126 2166 municipiis

132 2181 282 2241 Domitius
300 2193 481 2242 evocaverat.
527 2185 594 2244 Hos
613 2203 718 2245 omnes
732 2186 894 2262 productos
908 2206 925 2246 a
940 2186 1125 2247 contumeliis
1140 2207 1158 2264 3

132 2277 258 2336 militum
279 2276 481 2355 conviciisque
504 2279 659 2356 prohibet3
687 2301 784 2357 pauca
807 2283 888 2359 apud
911 2302 964 2344 eos
988 2283 1125 2359 loquitur,

132 2375 213 2450 quod
227 2373 284 2433 sibi
297 2395 316 2432 a
330 2387 414 2450 parte
428 2394 530 2434 eorum
544 2376 636 2451 gratia
650 2378 742 2437 relata
755 2398 817 2437 non
832 2378 870 2438 sit
885 2398 939 2456 pro
954 2379 1014 2438 suis
1027 2378 1058 2438 in
1073 2399 1125 2439 eos

131 2469 266 2530 maximis
294 2470 462 2544 beneficiis;
496 2470 617 2531 dimittit
645 2492 750 2534 omnes
778 2473 950 2535 incolumes.
1007 2492 1046 2535 Hs
1075 2493 1158 2550 nx,4

131 2566 214 2642 quod
240 2565 396 2626 advexerat
424 2566 575 2626 Domitius
604 2579 695 2644 atque
722 2569 753 2628 in
785 2570 907 2646 publico
937 2573 1124 2648 deposuerat,

131 2663 251 2720 allatum
279 2663 317 2719 ad
345 2680 378 2720 se
405 2663 444 2720 ab
472 2661 565 2721 uviris
593 2663 826 2725 Corfiniensibus
859 2665 993 2726 Domitio
1019 2666 1124 2740 reddit,

131 2777 170 2818 ne
190 2756 391 2816 continentior
411 2756 442 2816 in
463 2755 523 2817 vita
544 2759 698 2818 hominum
719 2779 810 2836 quam
835 2760 866 2819 in
890 2760 1018 2836 pecunia
1036 2761 1125 2823 tuisse

130 2851 272 2924 videatur,
284 2851 340 2912 etsi
353 2872 419 2912 earn
431 2853 588 2930 pecuniam
602 2853 752 2930 publicam
767 2874 831 2915 esse
845 2858 1001 2916 constabat
1014 2857 1124 2916 datam·

131 2968 190 3025 que
210 2969 228 3007 a
249 2948 393 3024 Pompeio
413 2948 444 3006 in
464 2948 652 3026 stipendium.
696 2949 807 3010 Milites
827 2950 1014 3011 Domitianos
1033 2970 1155 3030 sacra-5

131 3056 264 3105 mentum
285 3046 366 3121 apud
386 3064 418 3104 se
441 3045 539 3106 dicere
560 3045 643 3106 iubet
665 3058 755 3122 atque
777 3066 815 3106 eo
837 3047 886 3107 die
907 3059 1002 3107 castra
1023 3060 1123 3109 movet

131 3143 300 3218 iustumque
317 3143 371 3202 iter
386 3141 506 3202 conficit
525 3160 569 3202 vu
589 3142 713 3203 omnino
732 3143 796 3203 dies
810 3145 847 3202 ad
864 3145 1027 3204 Corfinium
1041 3165 1122 3204 com-

132 3248 270 3305 moratus,
287 3248 317 3297 et
333 3257 386 3313 per
403 3239 478 3296 fines
498 3239 741 3312 Marrucinorum,
762 3241 985 3314 Frentanorum,
1006 3242 1122 3301 Larina-

131 3336 203 3396 tium
219 3333 249 3391 in
265 3333 402 3410 Apuliam
417 3335 555 3409 pervenit

193 3433 305 3490 XXIV.
351 3431 510 3506 Pompeius
534 3431 581 3491 his
604 3433 692 3491 rebus
715 3433 848 3510 cognitis,
873 3454 949 3511 quae
973 3447 1055 3494 erant
1082 3438 1156 3494 adt
