2476 3870
313 174 398 232 tra
426 175 453 231 l.
500 172 592 232 CAP.
621 167 871 231 xxm-xxx.
1056 181 1090 245 1⁷

101 344 191 386 naves
209 344 277 384 curn
295 323 444 397 militibus,
462 343 540 399 quae
560 325 600 384 ad
620 326 715 384 moles
737 322 872 384 Caesaris
888 325 1092 396 adhaeserant,

101 421 219 499 scaphis
232 421 425 496 lintribusque
439 419 668 496 reprehendunt,
682 420 876 495 reprehensas
889 417 1049 495 excipiunt.

162 519 277 577 XXIX.
334 519 452 589 Caesar,
488 515 544 576 etsi
578 517 618 575 ad
652 535 738 592 spem
770 515 949 574 conficiendi
985 515 1125 592 negotiir

101 613 229 673 maxime
251 616 398 690 probabat
422 614 533 673 coactis
558 613 683 678 navibus
707 632 788 674 mare
812 611 933 672 transire
957 623 986 672 et
1011 616 1097 672 Pom·

101 710 204 788 peium
223 711 316 788 sequi,
331 711 502 788 priusquam
522 710 571 771 ille
590 730 655 771 sese
676 709 875 770 transmarinis
896 710 1009 769 auxiliis
1028 731 1097 770 con-

104 809 239 882 firmaret,
255 818 355 868 tamen
374 808 437 868 eius
451 808 494 868 rei
508 827 621 882 moram
636 807 838 884 temporisque
851 805 1097 884 longinquitatem

104 905 236 978 timebat,
262 907 344 982 quod
372 906 512 966 omnibus
539 904 651 966 coactis
678 906 804 966 navibus
832 905 993 981 Pompeius
1016 925 1096 982 prae·

104 1013 220 1062 sentem
234 1004 404 1064 facultatem
419 1002 596 1080 insequendi
610 1002 655 1063 sui
671 1004 830 1063 ademerat.
854 1002 1096 1079 Relinquebatur,
1113 1021 1129 1062 a

104 1112 138 1160 ut
164 1120 201 1161 ex
227 1099 483 1179 longinquioribus
510 1099 680 1178 regionibus
704 1101 819 1162 Galliae
842 1099 1004 1176 Picenique
1027 1112 1057 1160 et
1080 1120 1099 1159 a

103 1198 179 1257 freto
199 1217 289 1257 naves
310 1207 410 1258 essent
431 1196 657 1273 exspectandae.
695 1197 731 1256 Id
753 1207 874 1274 propter
891 1197 962 1256 anni
981 1208 1099 1275 tempus

103 1296 226 1372 longum
260 1306 350 1372 atque
383 1293 560 1371 impeditum
594 1293 757 1369 videbatur.
815 1297 934 1355 Interea
970 1308 1130 1372 veterem3

104 1389 274 1463 exercitum,
295 1391 370 1451 duas
392 1388 555 1466 Hispanias
578 1388 752 1463 confirmari,
774 1408 899 1467 quarum
923 1403 985 1451 erat
1008 1393 1099 1452 altera

105 1488 239 1548 maximis
271 1486 422 1548 beneficiis
455 1485 582 1564 Pompei
614 1487 761 1561 devincta,
790 1486 906 1561 auxilia,
935 1487 1099 1564 equitatum

104 1585 208 1663 parari,
231 1585 359 1647 Galliam
381 1581 560 1662 Italiamque
582 1585 720 1662 temptari
742 1605 773 1646 se
794 1587 918 1645 absente
939 1588 1068 1646 nolebat.

159 1685 258 1742 XXX.
301 1686 407 1760 Itaque
425 1682 456 1743 in
471 1680 638 1760 praesentia
651 1683 776 1760 Pompei
792 1683 936 1761 sequendi
955 1685 1098 1744 rationem
1110 1695 1129 1744 '1

105 1778 224 1853 omittit,
239 1779 270 1838 in
286 1777 465 1857 Hispaniam
479 1777 625 1856 proticisci
640 1779 811 1853 constituit,
833 1780 993 1840 duumviris
1007 1782 1100 1841 muni-

105 1879 250 1958 cipiorum
265 1878 398 1939 omnium
411 1877 546 1955 imperat,
558 1889 591 1938 ut
604 1898 695 1939 naves
709 1878 886 1955 conquirant
901 1879 1100 1939 Brundisium-

79 2034 81 2038 ,
106 1993 165 2050 que
184 1972 377 2033 deducendas
396 1983 507 2034 curent
552 1972 647 2032 Mittit
665 1973 696 2032 in
715 1973 882 2034 Sardiniam
901 1993 968 2032 cum
984 1973 1100 2051 legione
1116 1995 1131 2032 2

106 2090 167 2130 una
184 2067 335 2130 Valerium
356 2071 495 2147 legatum,
516 2069 547 2128 in
565 2069 695 2130 Siciliam
715 2069 876 2132 Curionem
895 2091 949 2148 pro
966 2083 1100 2148 praetore

107 2185 176 2226 cum
196 2163 363 2242 legionibus
385 2181 428 2237 113
448 2165 587 2236 eundem,
610 2184 679 2224 cum
700 2165 829 2226 Siciliam
849 2166 1017 2243 recepisset,
1037 2188 1102 2245 pro

107 2261 186 2322 tinus
213 2260 245 2320 in
272 2259 402 2320 Africam
429 2261 583 2322 traducere
610 2260 773 2323 exercitum
804 2261 894 2324 iubet.
937 2263 1100 2323 Sardiniam

108 2358 262 2421 obtinebat
289 2361 333 2418 M.
363 2360 461 2431 Cotta,
491 2357 619 2420 Siciliam
650 2363 693 2420 M.
724 2363 820 2437 Cato;
860 2361 991 2422 Africam
1023 2373 1101 2423 sorte

107 2459 228 2518 Tubero
243 2456 375 2517 obtinere
389 2457 526 2518 debebat.
563 2458 732 2531 Caralitani,
749 2457 835 2519 simul
849 2461 888 2520 ad
902 2479 934 2520 se
950 2460 1101 2520 Valerium
1116 2481 1133 2536 3

108 2554 185 2614 mitti
211 2553 375 2626 audierunt,
402 2557 536 2617 nondum
568 2559 705 2634 profecto
733 2577 769 2617 ex
798 2557 884 2617 Italia
911 2577 965 2616 sua
994 2569 1102 2633 sponte

109 2649 231 2708 Cottam
251 2667 288 2708 ex
308 2646 421 2724 oppido
442 2647 559 2709 eiciunt.
603 2652 658 2710 Ille
679 2649 858 2727 perterritus,
878 2653 960 2728 quod
981 2671 1102 2712 omnem

109 2743 292 2823 provinciam
310 2743 477 2805 consentire
495 2744 694 2824 intellegebat,
714 2767 751 2808 ex
768 2747 903 2809 Sardinia
922 2749 953 2807 in
972 2748 1101 2808 Africam

109 2840 245 2918 profugit
289 2842 366 2901 Cato
387 2839 418 2900 in
439 2839 539 2901 Sicilia
562 2861 653 2903 naves
677 2844 781 2920 longas
805 2855 919 2904 veteres
943 2845 1135 2919 reficiebat,4

110 2958 202 2998 novas
223 2936 390 2999 civitatibus
411 2936 584 3015 imperabat.
629 2941 716 3000 Haec
738 2960 847 3017 magno
868 2940 966 3002 studio
986 2944 1100 3019 agebat.

111 3038 148 3096 In
163 3033 290 3094 Lucanis
305 3033 483 3110 Bruttiisque
497 3055 550 3112 per
563 3036 676 3112 legatos
689 3056 759 3096 suos
775 3037 884 3098 civium
900 3041 1101 3098 Romanorum

110 3131 236 3192 dilectus
263 3131 401 3206 habebat,
423 3130 556 3208 equitum
583 3133 779 3211 peditumque
805 3145 918 3195 certum
946 3155 1102 3196 numerum

110 3247 129 3288 a
154 3226 322 3287 civitatibus
348 3226 463 3287 Siciliae
487 3226 630 3304 exigebat.
673 3229 790 3305 Quibus
813 3233 901 3290 rebus
924 3250 1019 3308 paene
1040 3250 1104 3308 per·
1116 3245 1134 3310 5

110 3323 196 3384 sectis
216 3324 346 3383 adventu
368 3323 505 3385 Curionis
525 3324 646 3402 cognito
666 3329 797 3402 queritur
817 3327 848 3387 in
867 3327 1015 3402 contione,
1038 3348 1103 3388 sese

111 3420 276 3501 proiectum
294 3440 331 3481 ac
348 3421 498 3498 proditum
516 3441 536 3482 a
553 3424 609 3485 Cn.
627 3424 779 3502 Pompeio,
795 3424 846 3502 qui
864 3424 1002 3486 omnibus
1016 3429 1106 3485 rebus

193 3549 257 3592 ast.
275 3551 334 3594 crv.
351 3551 373 3595 1.
1035 3547 1060 3583 ‘³
