2476 3870
186 191 203 246 6
471 188 539 245 DE
564 187 713 244 BELLO
744 187 793 244 CI
796 186 890 244 VILI

184 347 349 414 purgatum,
372 355 411 395 ne
432 354 476 409 ea,
497 353 574 411 quae
593 333 635 394 rei
656 334 793 411 publicae
814 354 903 393 causa
923 331 1021 410 egerit,
1041 331 1072 392 in
1094 351 1182 391 suam

184 433 396 492 contumeliam
424 441 518 491 vertat
519 433 696 508 .Semper
722 450 754 490 se
781 430 823 490 rei
850 429 988 507 publicae
1018 429 1184 488 commoda

185 542 305 606 privatis
316 527 583 590 necessitudrnrbus
594 528 732 588 habuisse
742 528 864 605 potiora
890 529 1047 588 Caesarem
1058 545 1184 604 quoque

185 647 240 704 pro
261 647 315 687 sua
327 625 475 710 ngtate
489 627 599 685 debere
613 635 644 684 et
654 624 785 684 studium
800 635 829 685 et
842 623 1025 685 iracundiam
1039 643 1124 683 suam
1137 622 1183 683 rei

185 725 322 802 publicae
333 706 479 786 &mittere
489 744 586 800 neque
597 724 674 783 adeo
684 723 809 800 graviter
817 723 901 783 irasci
912 721 1048 795 inimicis,
1058 731 1100 796 ut,
1110 741 1183 781 cum

89 875 91 879 Α
152 820 240 891 4illis
261 839 368 878 nocere
389 839 421 878 se
440 829 545 894 speret,
560 817 602 877 rei
621 818 758 894 publicae
773 829 887 878 noceat.
931 820 1031 876 Pauca
1044 815 1183 876 eiusdem

185 917 300 994 generis
314 917 397 977 addit
415 938 484 976 cum
505 917 695 977 excusatione
715 917 840 993 Pompei
854 915 1020 976 coniuncta.
1064 915 1183 974 Eadem

185 1019 245 1075 fere
258 1027 348 1092 atque
369 1014 482 1074 eisdem
502 1015 599 1074 verbis
617 1026 735 1092 praetor
749 1014 876 1076 Roscius
893 1014 953 1091 agit
967 1034 1036 1074 curn
1051 1014 1184 1074 Caesare

183 1112 299 1188 sibique
315 1111 492 1188 Pompeium
507 1131 756 1172 commemorasse
770 1112 959 1171 demonstrat.

155 1229 168 1266 1
247 1210 300 1267 IX.
344 1209 430 1282 Quae
450 1228 496 1266 res
516 1207 571 1266 etsi
591 1207 663 1266 nihil
682 1210 721 1267 ad
740 1209 881 1266 levandas
899 1205 1020 1265 iniurias
1034 1203 1184 1281 pertinere

96 1339 100 1352 ·
185 1305 369 1380 videbantur,
392 1318 492 1366 tamen
513 1307 638 1366 idoneos
660 1317 764 1366 nactus
784 1305 929 1378 homines,
952 1323 1004 1381 per
1031 1322 1107 1378 quos
1134 1322 1183 1376 ea,

185 1425 261 1482 quae
275 1407 371 1478 vellet,
387 1406 425 1464 ad
440 1425 507 1464 eum
522 1407 726 1481 perferrentur,
740 1403 814 1481 petit
836 1406 874 1463 ab
888 1413 1023 1478 utroque,
1039 1398 1184 1476 quoniam

186 1502 312 1578 Pompei
331 1503 472 1561 mandata
487 1502 526 1559 ad
541 1521 572 1561 se
587 1502 754 1573 detulerint,
770 1521 808 1560 ne
822 1511 980 1577 graventur
994 1517 1047 1557 sua
1060 1497 1184 1574 quoque

185 1601 223 1658 ad
245 1619 313 1658 eum
335 1600 484 1674 postulata
503 1599 624 1669 deferre,
643 1598 667 1656 si
688 1617 780 1674 parvo
801 1599 902 1656 labore
922 1615 1044 1672 magnas
1063 1605 1184 1654 contro-

185 1695 293 1755 versias
314 1696 417 1755 tollere
436 1705 526 1770 atque
542 1715 663 1754 omnem
683 1695 800 1754 ltaliam
815 1704 896 1753 metu
915 1692 1039 1752 liberare
1055 1690 1182 1767 possint

155 1814 169 1851 2
186 1793 248 1853 Sibi
269 1813 385 1869 semper
404 1792 530 1869 primam
548 1791 590 1851 rei
609 1790 746 1868 publicae
767 1791 855 1865 fuisse
874 1790 1047 1866 dignitatem
1061 1788 1186 1864 vitaque

185 1890 340 1967 potiorem.
385 1889 523 1948 Doluisse
547 1909 588 1961 se,
610 1890 692 1966 quod
717 1888 821 1965 populi
845 1886 975 1948 Romani
1002 1883 1185 1946 beneficium

187 1986 243 2047 sibi
263 2007 316 2064 per
335 1986 547 2047 contumeliam
569 1988 607 2046 ab
629 1986 754 2045 inimicis
775 1996 1003 2062 extorqueretur,
1019 1995 1185 2060 ereptoque

187 2083 341 2145 semenstri
369 2084 493 2160 imperio
519 2083 550 2142 in
577 2086 681 2144 urbem
709 2086 911 2157 retraheretur,
940 2082 1023 2141 cuius
1050 2083 1186 2143 absentis

54 2237 67 2245 -
155 2203 171 2258 3
186 2183 330 2258 rationem
344 2182 445 2241 haberi
458 2181 598 2258 proximis
614 2180 739 2240 comitiis
754 2183 884 2258 populus
897 2179 1036 2240 iussisset.
1064 2181 1186 2240 Tamen

187 2282 264 2338 hanc
283 2279 426 2338 iacturam
445 2279 565 2338 honoris
584 2278 630 2338 sui
648 2278 689 2339 rei
707 2278 844 2354 publicae
865 2297 953 2337 causa
971 2295 1067 2354 aequo
1081 2276 1187 2340 animo

187 2377 305 2452 tulisse3
339 2396 407 2435 curn
435 2375 545 2436 litteras
572 2378 609 2436 ad
639 2387 775 2436 senatum
803 2375 923 2443 miserit,
951 2386 984 2436 ut
1011 2393 1116 2435 omnes
1144 2380 1186 2438 ab

154 2473 361 2550 4exercitibus
382 2474 576 2548 discederent,
598 2495 636 2535 ne
657 2474 689 2533 id
709 2474 830 2551 quidem
851 2473 1060 2551 impetravisse.
1103 2476 1187 2535 Tota

188 2571 274 2631 Italia
288 2571 414 2631 dilectus
428 2570 537 2643 haberi,
550 2571 667 2631 retineri
681 2542 869 2648 legionesiir,
878 2591 954 2647 quae
968 2571 1005 2630 ab
1020 2589 1051 2630 se
1065 2568 1187 2631 simula-

187 2668 268 2729 tione
290 2667 417 2728 Parthici
438 2669 508 2728 belli
523 2669 580 2728 sint
601 2671 756 2739 abductae,
779 2668 928 2728 civitatem
949 2687 1014 2728 esse
1034 2667 1065 2726 in
1083 2667 1184 2730 armis

155 2785 171 2845 5
189 2768 329 2842 Quonam
344 2766 534 2826 haecomnia
546 2765 604 2826 nisi
617 2768 656 2826 ad
671 2785 754 2825 suam
766 2766 924 2843 perniciem
939 2766 1103 2843 pertinere?
1123 2767 1187 2828 Sed

188 2876 287 2926 tamen
308 2866 347 2924 ad
369 2863 470 2924 omnia
490 2883 522 2923 se
543 2865 723 2924 descendere
745 2875 878 2940 paratum
900 2874 990 2940 atque
1007 2862 1108 2923 omnia
1121 2865 1187 2940 pati

188 2963 230 3022 rei
257 2962 394 3039 publicae
418 2981 514 3021 causa.
558 2961 764 3020 Proficiscatur
788 2959 949 3036 Pompeius
972 2960 1003 3019 in
1027 2979 1094 3019 suas
1119 2981 1188 3037 pro

190 3058 309 3132 vincias,
324 3056 381 3136 ipsi
402 3058 545 3118 exercitus
567 3058 724 3130 dimittant,
743 3056 898 3118 discedant
918 3056 949 3115 in
971 3057 1058 3117 Italia
1078 3077 1188 3120 omnes
1223 3046 1230 3052 ”

189 3157 228 3215 ab
255 3154 350 3227 armis,
372 3166 468 3214 metus
496 3175 512 3214 e
537 3154 653 3214 civitate
681 3156 806 3228 tollatur,
828 3154 918 3213 libera
946 3152 1066 3214 comitia
1093 3165 1188 3231 atque

190 3251 286 3312 omnis
305 3250 489 3328 respublica
508 3250 622 3311 senatui
642 3252 814 3328 populoque
834 3254 974 3311 Romano
991 3249 1187 3328 permittatur.

157 3353 278 3411 6Haec
305 3369 365 3424 quo
392 3348 506 3408 facilius
533 3348 679 3424 certisque
714 3346 939 3408 condicionibus
965 3349 1038 3407 fiant
1064 3356 1095 3408 et
1121 3348 1189 3413 iure

187 3445 315 3506 iurando
330 3444 506 3517 sanciantur,
522 3457 571 3504 aut
585 3445 649 3521 ipse
668 3444 789 3520 propius
807 3445 931 3505 accedat
945 3456 995 3504 aut
1009 3464 1041 3504 se
1057 3444 1189 3520 patiatur
