2476 3870
136 198 155 253 4
425 186 493 244 DE
518 185 669 244 BELLO
699 186 846 245 CIVILI

136 335 354 410 perscribuntur
373 355 398 396 a.
421 337 450 396 d.
474 353 526 395 v11.
550 338 593 395 ld.
619 339 681 396 Ian.
728 340 835 412 ltaque
855 357 874 396 v
894 333 994 414 primis
1013 335 1133 413 diebus,

135 431 243 506 quibus
263 432 365 493 haberi
386 444 504 492 senatus
525 433 631 508 potuit,
650 451 710 509 qua
730 452 767 492 ex
788 432 837 492 die
858 436 1044 494 consulatum
1066 435 1135 497 iniit

135 531 286 601 Lentulus,
309 528 401 590 biduo
422 540 547 606 excepto
569 529 719 602 comitiali,
738 539 768 589 et
788 530 827 589 de
848 529 973 605 imperio
995 532 1134 594 Caesaris

134 635 164 684 et
183 625 222 685 de
240 625 427 702 amplissimis
446 626 522 699 viris,
538 625 661 685 tribunis
676 625 780 701 plebis,
795 627 964 702 gravissime
980 629 1135 714 acerbissi-

103 738 117 798 5·
134 743 243 799 meque
256 725 430 784 decernitur.
473 723 646 798 Profugiunt
662 723 759 783 statim
773 744 809 783 ex
823 726 896 784 urbe
909 725 1019 786 tribuni
1032 730 1133 804 plebis

134 840 258 896 seseque
290 823 329 881 ad
362 823 519 882 Caesarem
552 823 714 881 conferunt.
768 825 799 881 Is
832 841 870 882 eo
901 835 1036 902 tempore
1068 837 1134 887 erat

135 921 296 978 Ravennae
311 920 558 994 exspectabatque
573 917 632 976 suis
646 917 803 979 lenissimis
813 921 968 996 postulatis
977 941 1131 1001 responsa,

135 1018 158 1076 si
173 1037 232 1094 qua
245 1017 399 1076 hominum
413 1017 561 1093 aequitate
575 1037 621 1076 res
634 1019 673 1076 ad
688 1018 781 1078 otium
797 1020 906 1080 deduci
920 1032 1028 1097 posset.

105 1135 116 1172 1
194 1117 248 1173 VI.
292 1113 435 1173 Proximis
468 1114 573 1173 diebus
607 1115 733 1174 habetur
760 1127 842 1175 extra
868 1119 970 1177 urbem
1000 1129 1132 1182 senatus.

135 1211 296 1289 Pompeius
315 1214 420 1272 eadem
440 1211 502 1283 illa,
513 1231 590 1288 quae
608 1232 661 1289 per
674 1212 844 1290 Scipionem
858 1216 1036 1291 ostenderat,
1051 1217 1114 1295 agit
1122 1239 1133 1293 3

134 1303 256 1368 senatus
282 1309 419 1369 virtutem
447 1309 704 1386 constantiamque
733 1311 900 1386 collaudat3
930 1312 1032 1388 copias
1060 1333 1132 1375 suas

103 1425 117 1462 2
134 1405 269 1481 exponit:
290 1405 421 1482 legiones
432 1407 541 1466 habere
552 1425 617 1466 sese
631 1418 748 1483 paratas
758 1424 780 1466 x
786 1429 795 1482 3
815 1418 966 1483 praeterea
975 1409 1132 1486 cognitum

133 1512 378 1578 compertumque
398 1500 461 1573 sibi,
477 1501 574 1560 alieno
594 1521 658 1561 esse
677 1500 777 1561 animo
796 1501 828 1560 in
847 1504 1005 1563 Caesarem
1020 1504 1132 1568 milites

132 1619 232 1676 neque
243 1600 284 1660 eis
295 1619 383 1676 posse
395 1599 574 1676 persuaderi,
587 1599 630 1658 uti
645 1619 712 1659 eum
728 1601 890 1660 defendant
903 1613 954 1661 aut
968 1617 1133 1679 sequantur

101 1699 245 1774 3saltem.
290 1699 337 1756 De
355 1696 473 1773 reliquis
492 1698 579 1757 rebus
598 1699 637 1756 ad
654 1711 790 1758 senatum
805 1700 943 1760 refertur:
964 1711 1028 1760 tota
1043 1703 1133 1764 ltalia

134 1792 257 1853 dilectus
278 1795 438 1869 habeatur;
467 1795 593 1852 Faustus
615 1795 695 1854 Sulla
715 1814 840 1870 propere
864 1795 894 1853 in
917 1795 1132 1858 Mauritaniam

101 1891 282 1966 4mittatur3
303 1891 430 1967 pecunia
448 1890 491 1950 uti
511 1910 546 1951 ex
565 1891 676 1951 aerario
695 1891 839 1968 Pompeio
854 1894 948 1952 detur.
992 1895 1133 1956 Refertur

134 1987 223 2048 etiam
242 1990 280 2047 de
299 2007 367 2064 rege
389 1990 474 2060 Iuba,
490 2000 522 2047 ut
541 1987 640 2048 socius
659 1988 697 2048 sit
713 1999 802 2064 atque
816 1989 928 2048 amicus
937 2011 946 2064 ;
969 1993 1132 2054 Marcellus

103 2105 118 2162 5
134 2105 202 2145 vero
222 2105 376 2161 passurum
395 2103 428 2144 se
446 2084 477 2143 in
495 2084 661 2161 praesentia
678 2096 772 2161 negat.
816 2088 865 2146 De
879 2089 989 2146 Fausto
1003 2086 1133 2164 impedit

135 2181 289 2258 Philippus
310 2181 444 2241 tribunus
462 2181 566 2260 plebis.
610 2184 658 2241 De
677 2181 795 2258 reliquis
816 2185 903 2242 rebus
921 2193 1041 2243 senatus
1058 2204 1131 2247 con

134 2281 210 2338 sulta
227 2277 452 2354 perscribuntur.
496 2269 668 2337 Provinciae
687 2278 806 2354 privatis
827 2279 1033 2354 decemuntur‚
1050 2283 1131 2345 duae

132 2377 309 2446 consulares,
338 2375 469 2450 reliquae
501 2375 671 2450 praetoriae.
724 2375 856 2452 Scipioni
887 2377 1008 2438 obvenit
1035 2381 1129 2457 Syria,

134 2475 167 2532 L
194 2471 329 2532 Domitio
356 2471 460 2532 Gallia
505 2471 658 2549 Philippus
686 2483 716 2532 et
744 2474 835 2533 Cotta
861 2473 974 2549 privato
1002 2477 1131 2539 consilio

101 2558 369 2646 6praetereuntur,
379 2587 477 2644 neque
497 2588 599 2628 eorum
620 2580 712 2630 sortes
732 2569 904 2630 deiciuntur.
948 2573 986 2630 In
999 2572 1130 2650 reliquas

133 2665 298 2744 provincias
326 2676 475 2741 praetores
503 2666 666 2727 mittuntur.
710 2669 817 2744 Neque
830 2677 1021 2743 exspectant,
1044 2670 1131 2744 quod

135 2760 331 2839 superioribus
358 2761 444 2820 annis
475 2763 632 2836 acciderat,
661 2772 693 2822 ut
725 2763 763 2821 de
795 2781 897 2822 eorum
930 2762 1054 2839 imperio
1089 2767 1131 2827 ad

136 2859 278 2936 populum
294 2859 409 2929 feratur,
424 2858 616 2934 paludatique
631 2857 706 2917 votis
720 2857 898 2934 nuncupatis
912 2871 1029 2932 exeunt,
1044 2863 1131 2938 quod

105 2975 119 3033 7
135 2967 204 3016 ante
223 2954 254 3014 id
274 2964 392 3031 tempus
412 2954 519 3013 accidit
540 2975 708 3030 numquam.
752 2956 898 3016 Consules
918 2975 956 3014 ex
973 2958 1047 3017 urbe
1063 2977 1132 3035 pro

135 3051 311 3123 ficiscuntur,
331 3050 508 3126 lictoresque
527 3053 638 3111 habent
657 3051 688 3110 in
710 3053 781 3110 urbe
803 3062 832 3110 et
854 3051 1002 3128 Capitolio
1022 3053 1131 3129 privati

104 3152 239 3208 8contra
270 3146 371 3205 omnia
404 3148 556 3206 vetustatis
589 3148 731 3223 exempla.
781 3150 860 3206 Tota
888 3147 974 3208 Italia
1000 3148 1131 3214 dilectus

136 3246 290 3314 habentur,
319 3262 400 3301 arma
430 3243 617 3318 imperantur,
646 3242 791 3318 pecuniae
817 3262 836 3300 a
867 3242 1036 3320 municipiis
1071 3247 1131 3308 exi·

136 3350 250 3419 guntur,
271 3358 288 3396 e
314 3338 389 3396 sanis
416 3340 564 3413 tolluntur,
595 3338 695 3397 omnia
722 3337 823 3397 divina
850 3340 1039 3416 humanaque
1065 3341 1132 3405 iura

131 3433 356 3512 permiscentur.
460 3457 462 3460 ·
