2476 3870
154 176 192 235 34
434 163 500 220 nn
527 163 676 224 annno
708 167 852 224 clusis

152 312 233 371 adire
255 322 343 387 atque
364 315 577 394 obsecrarent
598 336 651 392 per
671 337 723 376 eos
746 321 856 379 Caesar
872 319 978 380 certior
998 323 1090 393 lieret,
1108 342 1149 382 ne

152 410 246 469 labori
266 430 320 470 suo
340 430 397 470 neu
416 411 548 487 periculo
569 426 720 488 parceret:
741 428 859 491 paratos
880 437 944 478 esse
965 438 1037 492 sese,
1057 439 1150 495 posse

153 517 182 566 et
198 508 307 566 audere
325 526 360 566 ea
377 507 498 567 transire
512 509 632 580 flumen,
649 529 708 586 qua
721 512 873 571 traductus
890 525 967 573 esset
985 514 1148 590 equitatus.

120 603 289 677 4Qu0rum
314 602 414 662 studio
439 613 469 661 et
493 603 618 663 vocibus
643 604 785 666 excitatus
807 608 925 679 Caesar,
947 608 1002 668 etsi
1021 609 1150 672 timebat

152 709 251 758 tantae
273 698 468 776 magnitudini
489 699 616 759 fluminis
640 703 800 762 exercitum
825 706 951 778 obicere,
973 709 1149 767 conandum

120 808 254 875 5tamen
288 807 378 872 atque
411 797 624 872 experiendum
658 797 776 858 iudicat.
833 803 938 877 Itaque
972 801 1150 864 infirmiores

153 894 260 954 milites
288 911 327 954 ex
357 894 495 953 omnibus
526 894 665 954 centuriis
697 894 786 973 deligi
817 894 908 970 iubet,
937 917 1061 974 quorum
1094 911 1151 960 aut

121 997 138 1052 6
153 991 270 1053 animus
284 1002 335 1051 aut
349 991 424 1051 vires
437 990 613 1052 videbantur
626 993 770 1053 sustinere
784 1013 845 1053 non
862 1015 956 1071 posse.
994 998 1061 1055 Hos
1075 1017 1149 1057 cum

152 1087 269 1165 legione
296 1107 355 1146 una
383 1087 529 1164 praesidio
557 1088 658 1148 castris
682 1088 837 1166 relinquit;
864 1091 990 1167 reliquas
1014 1091 1150 1168 legiones

153 1184 305 1261 expeditas
324 1182 423 1244 educit
442 1203 610 1260 magnoque
629 1204 753 1244 numero
769 1184 966 1246 iumentorum
980 1186 1151 1252 influmine

123 1300 138 1358 7
153 1301 241 1358 supra
261 1292 351 1357 atque
371 1280 446 1339 infra
464 1280 625 1340 constituto
645 1281 771 1341 traducit
789 1282 956 1343 exercitum.
999 1285 1092 1344 Pauci
1110 1306 1151 1348 ex

153 1380 199 1440 his
217 1378 357 1439 militibus
376 1378 491 1456 abrepti
510 1378 540 1437 vi
559 1377 687 1438 fluminis
705 1381 743 1438 ab
761 1382 892 1457 equitatu
911 1380 1097 1458 excipiuntur
1110 1402 1151 1444 ac

154 1478 360 1550 sublevantur;
380 1475 478 1534 interit
492 1485 592 1547 tamen
608 1494 704 1534 nemo.
747 1477 898 1536 Traducto
912 1477 1053 1537 incolumi
1066 1498 1151 1539 exer·

122 1579 140 1633 8
155 1575 215 1635 citu
234 1575 334 1652 copias
353 1573 470 1633 instruit
488 1572 693 1652 triplicemque
711 1574 805 1636 aciem
824 1576 931 1636 ducere
944 1575 1057 1654 incipit.
1099 1581 1151 1639 Ac

154 1686 268 1734 tantum
288 1673 342 1733 fuit
360 1673 390 1731 in
410 1671 550 1732 militibus
569 1671 665 1744 studii,
681 1684 715 1733 ut
728 1673 841 1733 milium
856 1694 908 1734 sex
921 1677 960 1736 ad
974 1675 1029 1736 iter
1041 1674 1150 1738 addito

155 1770 276 1830 circuitu
296 1788 460 1846 magnaque
478 1770 518 1828 ad
536 1771 646 1828 vadum
660 1769 789 1830 fluminis
802 1789 885 1830 mora
898 1771 1070 1848 interposita
1084 1793 1150 1848 eos,

156 1868 206 1946 qui
229 1870 267 1928 de
291 1867 377 1928 tertia
400 1866 498 1943 vigilia
522 1866 657 1939 exissent,
680 1879 749 1926 ante
773 1868 875 1926 horam
899 1867 958 1928 diei
984 1887 1017 1928 ix
1043 1889 1151 1932 conse

154 1975 319 2041 querentur.

127 2083 138 2121 1
216 2062 306 2118 LXV.
349 2063 432 2136 Quos
460 2059 511 2119 ubi
538 2058 677 2119 Afranius
705 2062 808 2136 procul
832 2059 910 2120 visos
937 2081 1005 2120 curn
1030 2063 1152 2124 Petreio

157 2159 316 2236 conspexit,
339 2179 416 2218 nova
443 2179 474 2219 re
501 2158 670 2235 perterritus
697 2158 770 2217 locis
794 2159 990 2235 superioribus
1014 2160 1152 2223 constitit

126 2277 140 2316 a
156 2255 310 2332 aciemque
329 2255 451 2314 instruit.
496 2257 605 2316 Caesar
624 2255 654 2313 in
673 2254 784 2332 campis
804 2256 962 2314 exercitum
977 2256 1088 2328 refecit,
1109 2277 1156 2339 ne·

157 2353 304 2412 defessum
330 2351 441 2427 proelio
466 2349 576 2410 obiciat
583 2371 593 2424 3
619 2369 718 2408 rursus
742 2361 885 2410 conantes
909 2353 1045 2428 progredi
1073 2352 1150 2414 inse·

124 2447 255 2525 3quitur
281 2457 311 2507 et
338 2457 474 2506 moratur.
519 2444 567 2505 Illi
591 2447 758 2506 necessario
786 2445 936 2520 maturius,
962 2467 1050 2524 quam
1078 2469 1153 2512 con·

158 2545 319 2615 stituerant,
347 2556 441 2604 castra
461 2555 592 2621 ponunt.
634 2546 780 2604 Suberant
807 2545 886 2605 enim
912 2556 1031 2606 montes
1057 2557 1152 2625 atque

158 2665 176 2704 a
203 2643 320 2703 milibus
348 2663 488 2719 passuum
517 2661 536 2701 v
560 2643 664 2702 itinera
689 2642 818 2702 difficilia
841 2653 929 2720 atque
953 2656 1078 2721 angusta
1102 2666 1153 2707 ex-

127 2741 314 2817 4cipiebant.
360 2742 428 2800 Hos
456 2752 572 2800 montes
599 2740 706 2800 intrare
733 2739 902 2816 cupiebant,
924 2751 956 2799 ut
983 2741 1152 2818 equitatum

160 2840 318 2914 effugerent
347 2836 481 2897 Caesaris
514 2835 726 2913 praesidiisque
758 2836 789 2895 in
819 2835 962 2913 angustiis
995 2839 1152 2901 collocatis

159 2935 319 2994 exercitum
340 2933 442 2993 itinere
463 2935 661 3010 prohiberent,
676 2934 731 3010 ipsi
752 2933 815 2993 sine
836 2933 967 3009 periculo
987 2954 1022 2993 ac
1043 2933 1153 2998 timore

128 3029 308 3104 5Hiberum
336 3030 438 3104 copias
466 3032 658 3089 traducerent.
702 3029 793 3104 Quod
821 3027 874 3087 luit
898 3027 953 3087 illis
977 3031 1152 3091 conandum

160 3135 249 3200 atque
276 3125 356 3183 omni
383 3126 495 3185 ratione
523 3127 728 3199 efficiendum
755 3125 808 3184 sed
836 3124 926 3184 totius
959 3125 1018 3186 diei
1049 3144 1154 3204 pugna

160 3233 248 3298 atque
277 3221 385 3281 itineris
413 3225 513 3284 labore
540 3225 647 3284 defessi
674 3242 736 3284 rem
760 3223 790 3282 in
815 3236 965 3301 posterum
990 3223 1069 3283 diem
1093 3227 1154 3288 dis·

162 3320 296 3377 tulemnt.
341 3320 450 3378 Caesar
464 3338 583 3394 quoque
599 3319 628 3377 in
643 3319 777 3395 proximo
792 3322 868 3378 colle
881 3329 977 3378 castra
989 3319 1082 3396 ponit.

131 3435 143 3476 ι
224 3416 331 3472 LXVI.
376 3415 479 3472 Media
506 3415 621 3474 circiter
644 3427 732 3474 nocte
757 3416 808 3484 eis,
830 3417 881 3492 qui
905 3415 1035 3492 aquandi
1059 3436 1154 3482 causa
