2476 3870
336 179 478 239 Hal.
525 181 616 240 CAP.
644 181 760 241 JJ-V.
1028 197 1046 256 3
1143 178 1149 186 ’

57 333 205 393 Dicuntur
231 335 321 395 etiam
347 338 387 395 ab
414 355 476 395 non
508 335 595 394 nullis
627 335 799 406 sententiae,
828 345 862 396 ut
888 335 977 414 legati
1009 335 1078 409 ad7

58 435 216 495 Caesarem
231 433 393 503 mittantur,
409 432 459 508 qui
473 435 657 492 voluntatem
673 444 792 492 senatus
807 432 835 493 ei
848 445 1023 510 proponant.

118 532 170 588 IV.
208 530 356 591 Omnibus
370 529 414 589 his
428 529 570 589 resistitur
590 530 786 606 omnibusque
800 531 894 590 oratio
908 530 1046 602 consulis
1065 552 1077 590 1

57 627 213 704 Scipionis
230 628 353 688 Catonis
372 626 538 703 opponitur.
583 628 730 686 Catonern
748 638 860 687 veteres
878 627 1048 687 inimicitiae
1064 649 1078 685 2

58 724 192 786 Caesaris
216 724 339 783 incitant
360 707 388 783 et
410 726 495 783 dolor
515 725 656 800 repulsae.
701 726 845 783 Lentulus
865 724 939 783 aeris
960 723 1047 783 alieni

58 823 260 899 magnitudine
288 834 318 882 et
345 842 396 898 spe
425 822 567 882 exercitus
595 841 630 881 ac
654 821 868 898 provinciarum
894 833 924 882 et
947 842 1047 900 regum

57 919 302 994 appellandorum
330 916 533 993 largitionibus
561 929 703 987 movetur,
726 937 818 994 seque
839 920 960 977 alterum
986 919 1048 977 fore

57 1017 168 1074 Sullam
182 1015 257 1074 inter
270 1035 339 1074 suos
353 1016 501 1091 gloriatur,
516 1017 554 1074 ad
569 1035 659 1091 quem
678 1035 793 1074 summa
812 1015 925 1091 imperii
939 1017 1046 1074 redeat.

58 1113 226 1190 Scipionem
241 1115 345 1173 eadem
359 1133 426 1189 spes
441 1113 609 1189 provinciae
620 1126 710 1189 atque
725 1111 902 1172 exercituum
915 1111 1047 1188 impellit,
1064 1132 1080 1187 3

58 1232 133 1288 quos
148 1231 179 1270 se
193 1231 246 1287 pro
261 1210 478 1270 necessitudine
492 1211 665 1286 partiturum
684 1229 752 1268 cum
773 1208 918 1285 Pompeio
932 1210 1049 1269 arbitra-

58 1321 112 1380 tur,
133 1307 220 1366 simul
238 1307 412 1376 iudiciorum
434 1320 539 1380 metus,
560 1307 692 1366 adulatio
712 1319 801 1383 atque
823 1307 982 1367 ostentatio
1004 1308 1049 1364 sui

58 1418 87 1466 et
108 1405 283 1483 potentium,
305 1406 357 1483 qui
378 1405 408 1465 in
429 1426 460 1465 re
479 1405 598 1481 publica
616 1404 791 1482 iudiciisque
810 1417 873 1465 tum
891 1404 1048 1483 plurimum

57 1505 217 1581 pollebant.
261 1507 331 1581 Ipse
353 1503 520 1581 Pompeius,
543 1506 581 1562 ab
603 1502 728 1562 inimicis
754 1503 888 1566 Caesaris
911 1504 1082 1576 incitatus4

58 1611 88 1661 et
101 1599 352 1679 quod-nerninem,
362 1599 506 1695 Q
521 1619 622 1660 secum
641 1600 796 1677 exaequari
811 1601 937 1672 volebat,
952 1610 1048 1658 totum

58 1717 90 1757 se
109 1697 149 1756 ab
168 1695 232 1757 eius
251 1695 380 1756 amicitia
398 1707 541 1755 averterat
563 1707 592 1755 et
613 1714 680 1754 cum
698 1696 905 1756 communibus
924 1695 1049 1754 inimicis

57 1794 88 1853 in
115 1793 237 1870 gratiam
264 1793 397 1867 redierat,
427 1811 552 1868 quorum
580 1793 645 1868 ipse
672 1792 830 1851 maximam
858 1804 971 1868 partem
999 1794 1050 1852 illo

58 1891 205 1950 affinitatis
226 1901 360 1966 tempore
383 1889 547 1949 iniunxerat
569 1889 707 1964 Caesari3
731 1889 817 1948 simul
838 1890 958 1948 infamia
979 1891 1080 1967 dua-5

58 2008 123 2048 rum
136 1987 286 2065 legionum
304 1998 464 2064 permotus,
480 2007 552 2062 quas
567 1989 605 2046 ab
620 1987 722 2047 itinere
736 1987 825 2046 Asiae
840 1987 997 2064 Syriaeque
1011 1988 1049 2046 ad

59 2105 142 2146 suam
163 2085 326 2161 potentiam
348 2083 592 2159 dominatumque
614 2094 804 2155 converterat,
826 2103 888 2142 rem
912 2085 950 2143 ad
971 2104 1051 2143 arma

59 2181 168 2242 deduci
182 2182 328 2240 studebat.
715 2249 719 2253 b

119 2280 154 2337 V.
198 2279 256 2336 His
275 2278 314 2336 de
333 2275 428 2335 causis
448 2285 573 2353 aguntur
591 2275 691 2334 omnia
705 2276 810 2352 raptim
824 2287 913 2352 atque
927 2277 1049 2337 turbate.
1069 2298 1080 2334 1

60 2377 126 2435 Nec
146 2373 275 2434 docendi
296 2373 430 2434 Caesaris
451 2372 625 2449 propinquis
646 2373 708 2433 eius
729 2374 858 2449 spatium
879 2375 973 2447 datur,
996 2394 1051 2433 nec

60 2471 183 2532 tribunis
202 2470 297 2548 plebis
315 2470 360 2529 sui
379 2469 498 2546 periculi
518 2469 698 2545 deprecandi
716 2490 812 2546 neque
827 2470 915 2529 etiam
930 2470 1052 2530 extremi

59 2569 128 2629 iuris
163 2568 372 2628 intercessione
406 2568 561 2638 retinendi,
591 2568 673 2642 quod
704 2570 737 2625 L.
771 2568 851 2626 Sulla
885 2567 1050 2642 reliquerat,

59 2665 181 2722 facultas
202 2661 344 2733 tribuitur,
366 2663 419 2720 sed
441 2662 478 2720 de
504 2680 556 2719 sua
580 2663 674 2720 salute
699 2660 826 2736 septimo
851 2660 900 2720 die
924 2660 1081 2738 cogitare2

60 2772 211 2837 coguntur,
228 2760 309 2836 quod
328 2759 369 2817 illi
387 2757 629 2818 turbulentissimi
651 2756 849 2832 superioribus
870 2757 1051 2836 temporibus

60 2854 168 2917 tribuni
189 2855 283 2932 plebis
297 2862 365 2932 post
384 2865 452 2913 octo
473 2853 602 2929 denique
624 2871 741 2911 menses
763 2871 880 2910 suarum
902 2853 1052 2911 actionum

60 2953 203 3031 respicere
212 2973 247 3010 ac
256 2951 358 3011 timere
367 2960 549 3010 consuerant.
575 2949 745 3009 Decurritur
756 2950 793 3007 ad
805 2948 878 3007 illud
889 2957 1050 3008 extremum
1067 2970 1083 3026 3

60 3063 150 3127 atque
172 3050 307 3108 ultimum
329 3059 447 3108 senatus
469 3049 647 3118 consultum,
662 3065 722 3122 quo
743 3045 799 3105 nisi
820 3065 914 3122 paene
935 3046 965 3104 in
986 3046 1051 3123 ipso
1084 3105 1087 3111 ,

10 3148 13 3158 “
60 3148 141 3208 urbis
156 3147 294 3206 incendio
309 3158 398 3221 atque
412 3146 443 3204 in
457 3145 663 3221 desperatione
674 3145 806 3204 omnium
819 3143 919 3203 salutis
933 3147 1053 3204 scelera-

60 3257 157 3305 torum
170 3242 294 3302 audacia
308 3262 472 3318 numquam
487 3254 555 3300 ante
571 3244 746 3301 descensum
761 3252 822 3300 est:
844 3241 916 3300 dent
932 3260 1052 3317 operam

61 3341 207 3410 consules,
222 3349 379 3415 praetores,
394 3337 505 3396 tribuni
526 3337 631 3412 plebis,
646 3336 756 3412 quique
768 3347 827 3412 pro
843 3355 916 3395 coss.
939 3339 999 3395 sint
1013 3338 1052 3396 ad

61 3440 174 3510 urbem,
189 3455 227 3495 ne
249 3437 320 3512 quid
341 3456 387 3495 res
406 3435 524 3512 publica
542 3433 709 3494 detrimenti
723 3433 828 3510 capiat.
875 3437 962 3491 Haec
973 3437 1060 3490 SCto
1078 3455 1098 3496 u,

918 3557 1007 3597 x-a
