2476 3870
282 195 423 253 tras.
470 196 560 254 cAP.
587 196 907 256 LXVIII-LXXII.
1051 213 1089 272 ³⁷

101 343 196 405 aciem
223 345 345 406 instruit.
396 347 543 420 Afranius,
571 369 639 408 cum
670 352 708 410 ab
736 351 869 427 equitatu
896 349 1089 410 novissimum

102 460 208 516 agmen
228 454 415 518 premeretur,
438 455 507 505 ante
528 465 560 505 se
585 448 701 505 hostem
725 446 846 520 videret,
869 449 975 506 coliem
1000 465 1091 522 quen·

102 537 171 595 dam
190 549 293 598 nactus
310 538 352 598 ibi
371 539 510 601 constitit.
556 544 600 600 Ex
619 561 655 602 eo
669 544 736 602 loco
752 560 782 601 ιν
797 553 973 603 cetratorum
988 544 1123 615 cohor-4

102 644 146 691 tes
157 633 187 692 in
200 647 340 709 montem,
352 637 402 712 qui
416 648 477 698 erat
491 637 521 696 in
538 650 701 714 conspectu
716 639 849 700 omnium
865 639 1088 711 excelsissimus,

69 809 76 819 ι
101 728 199 787 mittit.
244 733 334 789 Hunc
356 752 465 809 magno
486 754 571 793 cursu
592 737 757 795 concitatos
777 736 858 795 iubet
879 755 1032 811 occupare,
1053 755 1090 794 eo

102 824 234 899 consilio,
256 826 299 884 uti
326 827 389 903 ipse
417 830 525 889 eodem
553 830 692 890 omnibus
719 831 813 908 copiis
840 833 1034 892 contenderet
1061 843 1090 890 et

103 931 216 979 mutato
243 921 346 982 itinere
374 923 447 1000 iugis
476 927 655 1001 Octogesam
683 927 855 1003 perveniret.
899 930 992 987 Hunc
1022 945 1121 1003 cum5

102 1020 224 1096 obliquo
243 1020 347 1080 itinere
368 1021 471 1081 cetrati
488 1034 630 1098 peterent,
646 1024 834 1100 conspicatus
853 1024 1001 1100 equitatus
1016 1025 1089 1084 Cae-

102 1118 172 1176 saris
200 1117 230 1176 in
258 1119 394 1177 cohortes
422 1117 568 1195 impetum
596 1119 683 1192 fecit;
717 1140 774 1180 nec
801 1120 954 1180 minimam
977 1131 1090 1197 partem

102 1212 242 1288 temporis
264 1212 398 1288 equitum
419 1214 478 1272 vim
500 1213 603 1274 cetrati
625 1214 769 1275 sustinere
793 1227 953 1291 potuerunt
977 1235 1091 1275 omnes-

101 1327 160 1384 que
187 1311 225 1367 ab
249 1308 291 1368 eis
315 1308 508 1369 circumventi
532 1308 563 1368 in
586 1321 749 1386 conspectu
773 1311 925 1387 utriusque
948 1310 1091 1370 exercitus

102 1404 323 1465 interficiuntur.

162 1505 272 1562 LXXI.
316 1505 387 1564 Erat
406 1502 525 1564 occasio
544 1504 622 1565 bene
639 1504 786 1580 gerendae
804 1505 853 1564 rei.
898 1507 1005 1580 Neque
1021 1523 1120 1564 ver01

101 1601 131 1661 id
147 1603 304 1663 Caesarem
323 1602 462 1678 fugiebat,
480 1614 564 1662 tanto
584 1605 639 1662 sub
658 1602 750 1662 oculis
771 1615 895 1679 accepto
914 1602 1091 1662 detrimento

102 1697 284 1774 perterritum
304 1699 463 1759 exercitum
484 1699 627 1759 sustinere
648 1719 708 1759 non
729 1719 826 1775 posse,
847 1699 1017 1777 praesertim
1037 1700 1090 1758 cir·

101 1798 273 1856 cumdatum
300 1796 434 1874 undique
461 1799 602 1874 equitatu,
631 1817 699 1857 cum
726 1797 757 1856 in
785 1799 852 1858 loco
879 1816 976 1874 aequo
1002 1808 1091 1873 atque

101 1907 203 1969 aperto
230 1893 454 1970 confligeretur3
482 1893 572 1970 idque
600 1914 636 1954 ex
664 1894 803 1954 omnibns
830 1893 960 1970 partibus
987 1896 1026 1953 ab
1054 1913 1091 1953 eo

102 1989 290 2066 flagitabatur.
336 1991 559 2050 Concurrebant
587 1990 683 2066 legati,
709 1990 895 2050 centuriones
922 1989 1122 2066 tribuniquea

102 2086 244 2146 militum:
287 2087 334 2146 Ne
362 2085 510 2146 dubitaret
538 2085 681 2162 proelium
708 2085 902 2145 committere.
949 2085 1091 2147 Omnium

101 2202 166 2242 esse
181 2180 304 2240 militum
320 2182 519 2258 paratissimos
530 2181 653 2241 animos
690 2181 868 2242 Afranianos
879 2192 982 2241 contra
991 2180 1091 2240 multis
1105 2201 1122 2256 3

101 2281 188 2340 rebus
201 2278 247 2339 sui
261 2278 372 2339 timoris
383 2281 467 2356 signa
481 2279 610 2339 misisse:
631 2279 714 2356 quod
727 2278 787 2338 suis
802 2297 861 2337 non
877 2278 1091 2350 subvenissent,

102 2377 184 2452 quod
201 2377 240 2436 de
256 2377 333 2435 colle
353 2395 413 2435 non
431 2376 619 2448 decederent,
635 2377 718 2451 quod
736 2375 784 2434 vix
805 2374 937 2452 equitum
958 2375 1091 2434 incursus

102 2473 279 2535 sustinerent
293 2472 469 2547 collatisque
483 2473 514 2531 in
528 2493 620 2532 unum
634 2475 733 2532 locum
748 2471 838 2549 signis
852 2471 977 2533 conferti
994 2492 1092 2548 neque

101 2571 220 2632 ordines
241 2589 338 2646 neque
358 2569 442 2648 signa
463 2583 620 2630 servarent.
664 2571 755 2646 Quod
777 2570 801 2630 si
821 2570 1007 2646 iniquitatem
1032 2568 1124 2641 loci4

102 2667 227 2739 timeret,
242 2667 346 2725 datum
362 2665 396 2724 iri
416 2677 515 2726 tamen
535 2665 635 2742 aliquo
653 2667 721 2726 loco
741 2666 894 2742 pugnandi
912 2667 1091 2733 facultatem,

102 2766 183 2841 quod
205 2776 284 2824 certe
306 2763 375 2822 inde
394 2765 602 2823 decedendum
622 2774 701 2822 esset
719 2762 842 2822 Afranio
861 2782 917 2822 nec
936 2762 999 2822 sine
1015 2782 1092 2837 aqua

102 2881 273 2939 permanere
288 2872 396 2936 posset.

162 2959 291 3017 LXXII.
334 2957 445 3017 Caesar
465 2955 496 3016 in
518 2976 584 3016 eam
605 2976 688 3033 spem
710 2969 838 3028 venerat,
857 2976 889 3017 se
910 2956 973 3016 sine
994 2977 1121 3034 pugna1

103 3068 131 3116 et
152 3054 215 3113 sine
236 3054 356 3112 vulnere
377 3071 498 3112 suorum
518 3071 580 3111 rem
601 3054 747 3112 conficere
767 3072 863 3128 posse,
886 3055 966 3129 quod
987 3074 1018 3114 re
1038 3056 1093 3112 fru-

102 3148 246 3211 mentaria
272 3148 454 3208 adversarios
481 3148 699 3208 interclusisset.
749 3150 813 3210 Cur
840 3150 928 3209 etiarn
960 3152 1124 3210 secuudoa

103 3245 215 3324 proelio
236 3245 352 3321 aliquos
373 3264 410 3304 ex
430 3244 490 3304 suis
511 3245 680 3303 amitteret?
704 3263 756 3302 cur
778 3243 921 3303 vulnerari
945 3256 1093 3320 pateretur

103 3342 215 3420 optime
237 3342 274 3400 de
295 3361 328 3401 se
348 3340 467 3401 meritos
485 3340 616 3400 milites?
637 3359 689 3399 cur
708 3340 835 3416 denique
853 3341 1000 3399 fortunam
1021 3338 1094 3416 peri-

104 3440 272 3500 clitaretur?
297 3439 470 3515 praesertim
495 3459 564 3498 cum
592 3458 654 3498 non
682 3438 778 3496 minus
805 3450 882 3498 esset
910 3437 1104 3510 imqeratcx'xs
