2476 3870
285 182 371 239 LIB.
401 184 425 239 I.
475 180 564 240 CAP.
594 180 908 240 LXXII-LXXVI.
1022 191 1024 194 ⁴
1058 196 1096 256 39

104 338 279 414 concepisse
299 357 358 396 neu
379 356 448 396 suos
468 335 635 412 prodidisse
653 337 815 395 videantur.
860 337 976 412 Quibus
994 341 1096 398 confir-

105 435 192 494 matis
208 436 295 494 rebus
314 453 346 493 se
367 433 465 492 statim
479 432 563 507 signa
581 434 771 492 translaturos
786 436 960 493 confirmant
974 436 1096 510 legatos·

105 551 163 608 que
182 533 221 591 de
239 549 314 608 pace
331 529 493 608 primorum
512 529 649 590 ordinum
670 529 856 591 centuriones
877 533 917 591 ad
939 534 1095 592 Caesarem

105 628 233 687 mittunt.
293 628 417 687 Interim
451 627 499 686 alii
535 647 605 687 suos
636 627 666 685 in
700 640 796 686 castra
828 626 973 688 invitandi
1007 647 1128 698 causa4

105 725 265 796 adducunt,
283 724 332 783 alii
351 725 389 783 ab
409 721 467 782 suis
486 724 683 796 abducuntur,
699 724 776 783 adeo
795 734 827 782 ut
846 744 905 782 una
921 735 1016 783 castra
1036 724 1095 783 iam

105 822 184 880 facta
202 840 237 879 ex
256 819 332 879 binis
350 820 537 892 viderentur,
558 821 783 896 compluresque
803 819 912 880 tribuni
926 820 1052 879 militum
1067 831 1096 881 et

106 916 292 976 centuriones
316 917 355 976 ad
379 917 538 977 Caesarem
562 915 686 975 veniunt
707 936 798 992 seque
823 916 850 975 ei
874 918 1095 979 commendant.

106 1012 192 1070 Idem
211 1013 269 1071 hoc
288 1013 320 1070 fit
336 1031 353 1070 a
368 1009 549 1088 principibus
566 1011 740 1087 Hispaniae,
755 1031 831 1087 quos
845 1013 886 1072 illi
903 1028 1096 1074 evocaverant
1111 1033 1127 1091 5

106 1120 136 1169 et
149 1128 249 1168 secum
264 1111 295 1167 in
309 1108 411 1168 castris
425 1109 576 1167 habebant
590 1109 729 1168 obsidum
745 1112 821 1171 loco.
865 1111 908 1169 Hi
922 1131 991 1172 suos
1010 1126 1096 1173 notos

105 1206 295 1282 hospitesque
317 1207 507 1282 quaerebant,
530 1225 693 1283 perquem
714 1206 839 1282 quisque
860 1227 961 1267 eorum
983 1209 1097 1268 aditum

105 1300 374 1362 commendationis
408 1302 530 1361 haberet
564 1303 604 1361 ad
640 1303 806 1361 Caesarem.
862 1302 974 1362 Afranii
1008 1303 1129 1363 etiamd

104 1399 181 1458 filius
195 1401 370 1460 adulescens
384 1401 422 1459 de
441 1419 494 1458 sua
512 1419 548 1458 ac
569 1398 699 1476 parentis
719 1399 763 1459 sui
777 1402 872 1460 salute
886 1421 954 1460 cum
970 1403 1097 1462 Caesare

105 1516 159 1573 per
184 1496 345 1574 Sulpicium
373 1498 502 1573 legatum
530 1497 644 1574 agebat.
689 1500 781 1556 Erant
811 1500 899 1573 plena
927 1496 1038 1558 laetitia
1068 1509 1127 1572 et7

104 1593 298 1670 gratulatione
321 1592 428 1664 omnia,
452 1612 561 1664 eorum,
586 1592 637 1669 qui
662 1604 745 1651 tanta
769 1592 898 1668 pericula
926 1593 1041 1665 vitasse,
1067 1603 1098 1653 et

105 1707 214 1761 eorum,
237 1689 288 1766 qui
309 1688 372 1750 sine
392 1691 512 1749 vulnere
533 1700 630 1749 tantas
654 1710 699 1749 res
723 1689 886 1748 confecisse
911 1689 1094 1763 videbantur,

104 1804 303 1862 magnumque
316 1787 442 1845 fructum
460 1804 530 1845 suae
544 1784 684 1862 pristinae
698 1787 826 1846 lenitatis
840 1787 971 1846 omnium
986 1787 1096 1848 iudicio

105 1883 214 1943 Caesar
228 1883 347 1956 serebat,
364 1881 579 1958 consiliumque
594 1882 654 1942 eius
670 1904 687 1942 a
701 1883 815 1942 cunctis
830 1886 1018 1959 probabatur.

165 1981 286 2039 LXXV.
330 1978 446 2054 Quibus
470 1982 557 2038 rebus
583 1981 724 2040 nuntiatis
750 1980 880 2054 Afranio,
902 1983 941 2039 ab
963 1979 1124 2041 institutor

104 2095 193 2153 opere
211 2075 337 2136 discedit
357 2095 449 2152 seque
469 2075 500 2134 in
519 2088 615 2135 castra
635 2077 746 2152 recipit,
763 2076 806 2136 sic
822 2088 949 2152 paratus,
965 2088 998 2136 ut
1018 2078 1097 2137 vide·

104 2176 199 2247 batur,
213 2187 254 2246 ut,
270 2172 451 2251 quicumque
469 2174 625 2234 accidisset
639 2195 731 2246 casus,
747 2176 826 2232 hunc
840 2173 941 2250 quieto
955 2184 985 2233 et
998 2193 1095 2249 aequo

104 2271 204 2330 animo
231 2273 325 2330 ferret.
377 2269 510 2330 Petreius
538 2290 608 2330 vero
636 2290 697 2330 non
730 2270 838 2330 deserit
873 2290 944 2330 sese.
991 2274 1126 2331 Armata

104 2367 262 2428 familiam:
284 2387 354 2428 cum
370 2369 427 2427 hac
447 2380 476 2426 et
491 2367 639 2443 praetoria
652 2369 774 2427 cohorte
788 2379 966 2427 cetratorum
981 2370 1096 2427 barbar-

103 2462 187 2541 isque
206 2463 355 2540 equitibus
376 2463 485 2539 paucis,
508 2463 700 2523 beneficiariis
724 2464 792 2535 suis,
815 2482 890 2540 quos
911 2483 981 2523 suae
1001 2474 1097 2524 custo-

103 2561 170 2622 diae
189 2581 278 2621 causa
297 2563 406 2620 habere
424 2571 589 2632 consuerat,
604 2561 764 2638 improviso
782 2562 822 2620 ad
840 2562 950 2620 vallum
966 2561 1094 2634 advolat,

104 2659 255 2735 colloquia
280 2658 407 2717 militum
435 2657 627 2734 interrumpit,
656 2671 772 2718 nostros
799 2659 913 2734 repellit
939 2678 958 2717 a
984 2659 1095 2734 castris,

104 2774 179 2832 quos
199 2755 363 2832 deprendit,
387 2754 530 2814 interficit.
575 2754 695 2832 Reliqui
716 2760 825 2816 coeunt
849 2755 924 2814 inter
944 2775 976 2815 se
1000 2766 1030 2814 et
1053 2775 1126 2831 reg

103 2852 227 2929 pentino
241 2852 373 2929 periculo
385 2850 511 2910 exterriti
522 2850 651 2911 sinistras
665 2853 741 2928 sagis
754 2853 908 2911 involvunt
921 2851 1096 2927 gladiosque

103 2948 296 3025 destringunt,
316 2961 405 3024 atque
424 2948 465 3006 ita
483 2966 516 3006 se
531 2967 550 3006 a
566 2949 684 3008 cetratis
704 2947 911 3025 equitibusque
932 2948 1095 3007 defendunt

103 3057 263 3105 castromm
283 3045 502 3122 propinquitate
521 3045 624 3104 confisi
643 3065 733 3122 seque
753 3045 783 3103 in
798 3056 892 3104 castra
907 3044 1051 3120 recipiunt
1065 3056 1095 3105 et

103 3145 141 3200 ab
159 3141 201 3200 eis
216 3142 397 3213 cohortibus,
417 3161 492 3218 quae
513 3155 595 3203 erant
614 3143 645 3200 in
666 3142 792 3201 statione
813 3141 852 3200 ad
872 3152 980 3218 portas,
996 3142 1094 3201 delen-

102 3239 218 3297 duntur.

163 3334 303 3392 LXXVI.
346 3331 461 3405 Quibus
482 3337 570 3394 rebus
591 3334 733 3393 conlectis
753 3334 826 3390 flens
848 3335 980 3392 Petreius
1004 3333 1123 3394 mani-1

102 3433 190 3507 pulos
211 3430 343 3490 circumit
364 3431 531 3509 militesque
550 3433 689 3509 appellat,
707 3450 766 3489 neu
785 3450 816 3490 se
837 3451 895 3490 neu
918 3432 1103 3504 Pompeium
